2770 4072
38 373 1657 131 places ordinaires. On a crû qu'il étoit d'une absolue

29 477 1702 122 cessité de demander l'augmentation d'un nouveau temple

29 583 1690 122 vant l'arrété qui en avoit deja été fait dans le Magnif.

29 689 1690 129 nseil des deux cent, qu'il faloit pour cet effet que le Vener.

29 787 1699 129 nsistoire se rendit instant par devant Nos Seigneurs pour

29 893 1681 106 mander l'execution d'un arrété rendu souverainement

22 988 1697 140 cet égard, et qu'il soit aussi fait de Nouvelles places dans les

31 1108 831 102 mples en lieux convenables.

669 1205 265 98 Art. 7e.

31 1307 1691 106 Commission aiant aussi remarqué qu'il se commettoit

24 1411 1714 122 aussi de grands desordres dans les temples pendant les prieres

31 1497 1691 138 semaine, on est convenu de prier Nos Seigrs. de donner

33 1610 1691 140 es ordres aux Marguilliers pour les engager à les faire

27 1741 839 100 sser, moiennant recompense

685 1818 319 109 Art. 8e.

33 1916 1689 138 Que pour que personne n'ignore les presens reiglements Mrs

33 2026 1684 125 Pasteurs seront chargés d'en avertir le peuple dans les

29 2137 1699 109 sermons et d'exhorter en meme temps les peres et meres

20 2232 1714 139 et tous ceux qui ont des enfants à leur charge d'etre attentifs

38 2343 756 113 leur conduite à cet égard.

682 2439 305 136 Art. 9e

33 2540 1682 124 Que Nos Seigrs aiant le pouvoir en main pour l'exécution

6 2629 1728 143 desd reiglemens, ils seront priés d'en ordonner une publicaon

38 2748 1686 127 solennelle pour obliger les d. personnes, d'envoier les Jeunes

6 2847 1704 145 gens qui sont sous leur conduite dans les catechismes et

3 2952 1731 142 sermons, à peine d'en rendre responsables les peres et meres

10 3057 1717 136 Maitres de ceux qui seront tombés dans la contravention par

6 3155 1725 150 des amendes et autres peines requises, lors qu'il y paroitra de

16 3244 958 159 leur faute ou negligence grossiere

1758 165 197 156 245
