2787 4089
3 374 1719 164 rétendent de n'etre pas obligés de fournir un homme à

6 487 1713 160 leur tour, pour monter la garde, qu'il prioit le Conseil de

0 592 1705 157 cider cette question, a été dit qu'auant que la decider, il

10 695 1705 160 faut examiner, ce qui a été fait et résolu sur cette affaire

10 817 395 130 par ci devant

27 1004 1689 147 Mons le 1er Sindic a raporté que le Sr Garbillon lui auoit

27 1133 1666 125 endu visite, et lui auoit dit qu'il a à son service un des

22 1240 1710 120 fils de la Veuve Constantin, du consentement de sa mere, que

27 1347 1684 113 antmoins un de ses oncles, est allé chez lui, le lui rede¬

27 1426 1687 132 ander auec hauteur, et paroles insolentes, qu'il auoit

31 1535 1692 125 u deuoir le lui raporter, Sur ce aiant été raporté que le

31 1642 1692 132 dt Enfant est dans quelque danger chez le dt Sr Garbillon

36 1746 1682 132 nt la femme est soupçonnée le solliciter à changer de

29 1846 1680 139 eligion, a été dit que Mr le Conser Trembley priera Mr

27 1951 1696 134 Loisinge de parler aud Sr Garbillon, et lui faire compren¬

29 2055 1691 132 dre qu'il doit sans aucune repugnance rendre ce jeune

20 2153 1695 143 garçon à Ses parens, qui sont autorisés dans leur recherche

29 2262 1025 118 par les Nob. Directeurs de L'Hopital.

218 2455 1091 118 Du Mecredi 25e Mai 1712

163 2569 1200 116 Abs. Nob Chouet, Lullin De la Riue

25 2778 1670 122 Mons le 1er Sindic a raporté qu'il receut hier une lettre

54 2885 1660 127 Spble Isaac Lefort son fils Pasteur de Celigny dans laquelle

31 2975 1698 132 lui marque que Mr le Baillif de Bonmont lui a fait donner

36 3084 1696 123 avis qu'il auoit arrété une troupe de Bourguignons Venans de

31 3189 1692 118 cette ville, qui portoient iusqu'à trois quintaux de poudre,

27 3274 1722 136 plusieurs autres qui en portoient s'étant échappés, ceux qui

31 3384 1710 125 ont été arretés, disant qu'ils l'on achetée des nommés Malvesin

1754 238 171 100 247

1729 338 512 168 Spbles Pasteurs

1745 497 498 166 et Regens &c

1766 994 389 160 Sr Garbillon

1761 1472 484 174 Veuve Constantin

1789 2869 236 163 Poudre

1794 3247 317 194 Sr Maluesin
