2809 4069
893 174 190 115 240

1112 341 1654 133 que la Seigrie voudroit nommer pour ce suiet, Veu

1092 434 1700 152 d lettre, a été dit que Mr Trembley pourra répondre

1082 542 1703 156 à Mr de Loisinge qu'on pourra bien faire cette tentativ

1078 657 1714 133 et pourra convenir avec lui du iour, et lieu, et par un

1075 749 1713 119 préalable se transportera suivant les résolutions préceden

1075 847 1727 160 avec Mr le Conser Grenus sur le lieu pour en voir l'Etat

1075 952 1717 160 en suite conferera avec ledt Jugemaje s'il est seul, et

1085 1051 1700 162 y a quelque autre personne avec lui, alors Mr Grenu

1081 1180 1146 113 se ioindra pour etre deux contre deux.

1047 1369 1725 132 La Veuve dentand, les freres Serres, François desbains,

1061 1468 1731 122 nommé Vincent, Antoine Seruiere, Gasc, apellés sur la

1076 1586 1696 122 plainte des hotes, se plaignans qu'au prejudice de la rés¬

1082 1678 1703 149 tion prise céans le 29e Mars 1698, par laquelle defen

1065 1797 1701 126 Sont faites à toutes personnes, de retirer aucun Etrang

1065 1903 1710 108 ou passant dans leur maisons, comme aussi leur chevaux

1069 2000 1697 127 ou mulets, s'ils n'ont pas demeuré par une préalable tr

1081 2104 1678 122 jours dans le logis public, lesd aiournés retirent et

1060 2215 1699 111 Chevaux et personnes. Iceux oüis, défenses de plus

1069 2314 1685 120 fort leur ont été faites, de loger aucune personne

1051 2407 1734 129 les tenir en pention Sans permission expresse des Seig

1051 2515 1724 109 Commis Sur les dizaines, et à l'égard des Chevaux ou autr

1062 2629 1699 108 voitures, d'en retirer aucuns Etrangers, leur permetta

1053 2733 1701 117 neantmoins de tenir des Chevaux des Bourgeois en pention

1056 2834 1189 106 tout Sous peine de grieve amende.

1044 3013 1715 133 A été leu un memoire du Sr Juge de St Victor et Chapi

1051 3130 1719 125 concernant des excez commis par le vicaire du Sr Cure

1053 3241 1694 129 de Viry, a été dit qu'il en sera parlé un autre jour

551 1507 430 152 Hôtes &c

551 3083 374 138 Vicaire de

603 3189 220 181 Viry
