2786 4097
537 357 282 130 Art. 3e.

38 464 1680 139 Qu'à l'egard des Enfans du College on exorteroit fortement

38 571 1603 134 Regens d'auoir l'oeil sur leurs Eleues, et de chatier

34 676 1679 125 verement ceux qui s'absenteront des Sermons et Catechis¬

34 778 1670 127 es, à moins qu'ils n'aportent des excuses en bonne forme de

34 887 1664 125 rs parens ou de leurs maitres, et que pour obliger lesd

31 985 1667 125 leues d'aller soigneusement au catechisme, il devoit

30 1102 1714 127 ujours y auoir un Regent dans chaque temple à cette meme

36 1190 1682 130 re, comme ils le pratiquent aux heures des prédications.

34 1292 1686 128 blir outre cela des Notateurs d'entre les Enfans pour porter

36 1408 1698 119 ux qui les absenteront, et on est conuvenu de renuoyer pour

40 1493 1687 143 effet la charge à Mr le Recteur d'ordonner aux Regens

38 1611 952 121 se conformer aux d reiglemens.

563 1700 283 116 Art. 4e

13 1782 1714 153 ue les jeux de billard, de boules et de paume, en un mot tous

45 1907 1662 136 jeux publics seront fermés le Dimanche iusqu'apres le

40 2028 362 93 nier Sermon

537 2109 282 128 Art 5e.

38 2223 1682 112 Qu'un des meilleurs remedes pour reprimer ces desordres, ce Seroit

36 2326 1693 109 établir des Notateurs Secrets, à qui l'on donnera des recompenses

47 2426 1680 120 sur celà, qui feront leur ronde par la Ville, et marqueront

43 2533 1684 114 ns bruit les Contrevenans, Reiglement qui s'etoit pratiqué

50 2647 1707 113 tre fois, et qui auoit eu d'abord quelque Succés, mais ces Notateurs

45 2731 1698 134 ans dans la Suite été reconus par les Enfans, ils furent obligés

43 2842 1705 123 cesser leurs fonctions, par les insultes Violentes que les d enfans

10 2936 1721 143 leur faisoient, ce qui fit tomber ce reiglement, Inconvenient

17 3038 1679 144 l'on pourroit aisement éviter, en préposant pour cet

30 3144 1694 133 employ des personnes publiques qui fussent soutenues, et ne

47 3248 1698 122 fussent point connues des enfans, tels que sont les sousdizeniers

10 3342 1714 137 qui feroient leur rondre à tour de rôle, Sauf de s'entendre avec

1748 159 191 161 243
