2792 4074
237 450 1067 149 Du lundi 23e Mai 1712

210 651 1313 141 Abs. Nob. Chouët, Lullin, DelaRive

16 848 1685 170 Pierre Jaques fils d'Elie Lafond de Castres Perruquier a

1743 832 489 148 Pierre Jaques

40 977 1391 129 receu Habitant en Satisfaisant à l'ordre

1779 934 288 127 Lafond

27 1176 1673 125 Revendeurs et Fermiers de Caffé apellés céans sur le

1750 1188 430 120 Fermiers des

22 1278 1678 134 port qui a été fait à Mr le Sindic de la Garde, qu'ils sont

1818 1276 226 156 Caffés

13 1389 1698 120 ouverts au delà des heures limitées, à minuit et au delà,

18 1482 1666 127 tr'autres le Sr Forget qui Samedi donna du Caffé et des

15 1588 1710 134 liqueurs à des Etrangers aprés minuit, lesquels firent diuers

13 1683 1709 146 andales dans les rues, Iceux ouïs, le Sr Forget a été grié¬

16 1792 1743 122 vement censuré et condamné à vint cinq florins d'amende

22 1905 1653 118 ordre a été donné tant à lui qu'aux SSrs Cassin et

22 2007 1701 125 oman de se conformer aux reiglemens,  à peine de grieue

20 2127 204 79 mende.

24 2202 1692 136 Monsr le 1er Sindic aiant prié le Conseil de deliberer sur le

29 2310 1662 132 proiet de reglement que le Vener. Consistoire fit pnter

1754 2267 440 89 Reiglement

1752 2328 476 111 concernant les

27 2419 1705 122 22e du mois passé, concernant les desordres que commettent

1748 2426 509 104 desordres autour

31 2516 1687 125 es enfans dans les rues et places publiques pendant les

1734 2503 342 126 des temples

29 2629 1705 109 ermons, icelui aiant été leu tous les articles d'icelui ont

45 2729 1682 120 aprouvés, à la reserue du 6e concernant la construction

43 2842 1689 113 un nouveau temple, sur lequel a été dit qu'il en sera parlé

36 2955 912 100 us amplement un autre iour.

289 3039 1332 111 Copie du Memoire du Ven. Consistoire

40 3123 1685 146 le bien particulier de cette Eglise et la necessité d'une bonne

38 3247 1696 120 police, n'aiant pas permis au Vener. Consistoire de s'endormir

40 3347 1660 113 sur les desordres frequens et indecens que commettent les

1722 156 197 129 241
