2795 4069
1754 210 202 110 249

36 361 1680 140 M. L'ancien Sindic Buisson aiant presenté pour Aidemajor

1770 343 371 140 Sr Isaac

36 467 1666 150 ns sont Regiment Sr Isaac Marcombes en place du Sr Jean

1766 458 409 122 Marcombes

33 590 1685 137 fort qui a obtenu son congé pour aller seruir en Moscovie,

33 698 1696 122 d Sr Marcombes a été agrée, et a prêté le serment ordinaire

37 881 1696 143 Mr Le Lieutenant aiant presenté au Conseil Pierre Mermillod

1780 864 445 139 Pierre Mermillod

0 969 1712 173 natif pour etre l'un de ses Officiers, en place d'Abraham Sicher

1842 978 229 150 officier

49 1109 1646 132 a été fait Guet, led Mermillod a été agrée et a preté

31 1234 287 104 serment.

31 1399 1705 135 Pierre Decarro apellé céans pour éetre prévenu d'auoir vendu

33 1516 1694 127 la poudre aux Bourguignons nommés ci dessus, a dit qu'il

1763 1496 509 142 S Pierre Decarro

40 1616 1683 133 vendit il y a deux mois cent cinquante livres, et qu'ils

38 1722 1676 127 ont fait retirer que des quelques iours, et qu'il en vendit

42 1822 1696 133 y a quinze jour à un nommé Fournier aussi cent cinquant

38 1923 1678 129 livres, et n'a point sçu qu'il fut defendu d'en vendre. Sur

40 2032 1683 131 opiné lui a eté ordonné de se conformer aux reiglemens

38 2140 1669 120 savoir de n'en vendre pas à  des Etrangers au delà de dix

45 2231 1684 138 ou quinze livres sans en auoir donné avis à Mr le Sindic

47 2335 1637 138 la Garde ou à Mr le General, et eü permission d'eux

230 2538 1153 127 Du Vendredi 27 Mai 1712

251 2640 1200 145 Abs. Nob. Choüet Lullin, de la Rive

27 2824 1726 156 Mr le Conser Trembley aiant presenté Nob. Jean Louis fils de

1763 2843 480 111 N. J. Louis Faure

13 2936 1727 149 feu Nob. Jean Faure pour remplir dans sa compagnie la

1822 2936 314 120 Enseigne

20 3048 1625 129 place d'Enseigne vacante par la promotion de Sr Isaac

47 3164 1698 131 Marcombes à l'emploi d'Aidemajor. Il a été agrée à haute

16 3255 1174 129 voix et à la balotte, et a prêté serment
