2804 4053
867 139 200 119 244

1092 328 1669 144 eux pour la maniere d'en pratiquer l'execution, et qu'à

1094 434 1678 144 l'egard de la punition des Enfans qui seront reconus, le

1065 551 1711 131 des écoles et du College seront seuerement chatiés par le

1063 655 1695 130 Maitres, et pour les Aprentifs et autres on procedera

1054 746 1739 149 contre les Delinquans par deuant Mr le Lieutenant pour

1058 860 1230 123 y etre punis suivant l'exigence du cas.

1056 954 1716 138 Et l'on a ajouté à cet article, que pour contenir les enfan

1065 1067 1705 121 avec plus de soin, on prieroit surabondamment Monsr le

1047 1166 1716 130 sindic de la garde d'enuoier faire des patrouilles par les

1051 1272 1719 130 soldats qui paroitront ne regarder que le service militair

1049 1373 1705 133 pour écarter et empecher l'attroupement des Enfans qui

1049 1465 1712 147 commettent des desordres sur les remparts, et qui peuuvent

1042 1580 1575 122 gâter les fortifications et les nouveaux ouvrages.

1712 1681 304 112 Art. 6e.

1045 1781 1711 132 Il a été remarqué ensuite que le plus essentiel de tous les

1045 1889 1725 126 remedes, et sans lequel il seroit presqu'impossible de venir

1051 1985 1714 127 aux fins que l'on se propose, qui est de bien faire observer le

1051 2089 1716 124 reiglemens ci dessus, ce seroit d'assigner des places aux enfa

1040 2195 1714 128 qui ne vont point au sermon, et qui n'y vont point pour la

1040 2294 1712 122 plus part faute de sçavoir ou se placer, ce qui est la cause

1036 2398 1722 128 principale des desordres dont on se plaint, qu'il faudroit pour

1042 2506 1716 126 cet effet en assigner de nouvelles dans les temples en lieux

1042 2620 1719 118 propres pour profiter des prédications. Mais comme il a

1040 2713 1718 124 été remarqué que toutes ces places à faire dans les temples

1038 2814 1716 137 en lieux convenables ne seroient point suffisantes pour

1036 2927 1716 119 placer le grand nombre de jeune gens qui en ont besoin,

1040 3023 1718 131 de même que beaucoup de personnes adultes du peuple q

1036 3132 1729 114 ne vont point au sermon à ce defaut, et que la vaste étendue

1031 3231 1730 119 des Vaisseaux rendroit inutiles par leur éloignement celles

1042 3325 1714 126 qui se pourroient faire dans le vuide des Eglises, et au dela
