2817 4079
877 167 201 127 242

1078 360 1700 127 Jeunes gens autour des temples pendant les Catechisme

1078 441 1721 157 et dans les rues et places publiques pendant les Sermons

1085 571 1455 115 sans y aporter un promt et Salutaire remede.

1085 754 1714 146 Nonobstant les diverses commissions deja tenues ci devan

1085 853 1721 163 dans ce Ven. Corps, et les diuers renuois faits à Nos Seigr

1081 983 1681 125 à cet égard qui n'ont produit aucun effet iusqu'a present,

1078 1067 1708 153 a été derechef decerné une nouvelle Commission à Mr l

1064 1172 1742 150 Moderateur Maurice, Butini et Leger Pasteurs, et au

1069 1284 1693 132 Nob. Tronchin Conser, Buisson Auditeur, et Gallatin

1071 1369 1728 157 Ancien, pour examiner plus particuliérement les reiglemen

1074 1486 1099 125 qu'il conuiendra faire à cet égard

1067 1593 1700 122 Et en consequence de cette Commission, Mrs les Commis se

1069 1692 1702 134 Sont assemblés le 3e, 7e et le 14e de mars 1712, et apres a

1067 1806 1697 124 examiné meurement tous les moiens les plus propres pour

1061 1900 1745 136 reprimer tous ces desordres, ils ont trouué bon de dresser les

1062 2016 694 114 reiglemens suiuvans.

1708 2121 279 104 art 1.

1065 2207 1715 133 Que pour engager plus étroitement les Maitres qui tiennen

1062 2325 1716 111 des Apprentifs, à les enuoier aux preches et aux Cathechisme

1058 2420 1713 124 il soit défendu à tous Notaires de passer aucun acte d'apprentissa

1051 2524 925 118 que cette clause n'y soit inserée

1790 2628 242 118 Art 2.

1056 2728 1713 140 Que pour retenir les enfans qui demeurent chez leurs paren

1058 2828 1748 142 et qui ne vont point aux Ecoles ni au College, on contraindra

1051 2952 1718 98 lesd parens de les y enuoier par toutes voies dües et rai

1056 3036 1717 116 nables, et Mrs les Ministres et Anciens des quartiers seron

1047 3123 1739 146 chargés de les exhorter à ce deuoir, et d'auoir l'oeil sur les

1058 3249 1697 118 contrevenans, pour ensuite étre procedé contr'eux suiuant

1062 3347 515 122 l'exigence du cas.
