2779 4069
859 207 156 116 248

1051 362 1724 146 et l'on consignée, qu'aiant leu cette lettre, il auoit donné

1046 476 1696 143 ordre aud Maluesin de se presenter aujourdhui devant

1042 574 1680 151 le Conseil, lequel s'etant presenté par le Sr Felix son

1040 680 1705 145 associé, a nié d'avoir vendu des plusieurs semaines, auc

1040 788 1700 129 quantité considerable de poudre, mais seulement trois à

1037 895 1703 113 quatre à cinq livres, lui a été ordonnée de se conformer

1033 987 1707 145 reiglemens, et M. le Conser Choüet a été commis pour info

1035 1112 1714 135 qui peut avoir vendu cette poudre, et ouir les Marchands

1037 1225 523 101 qui en vendent.

1031 1403 1720 136 Mrs L'Ancien Sindic J. Pierre Trembley et Conser Sartoris

468 1460 493 149 Sr Benedict

1040 1501 1700 137 Commis le 19e du mois passé, auec Mr L'Ancien Sindic

517 1589 342 119 Rilliet

1026 1609 1710 136 Lullin pour présider à l'examen de Sr Benedict Rilliet

1028 1715 1740 156 qui a requis d'etre aggregé au nombre des Auocats de cette

1024 1833 1716 122 ville, et inscript dans leur matricule, ont raporté que led

1024 1930 1721 120 Sr Rilliet aiant subi hier le second examen ordonné p

1021 2014 1744 156 les reiglemens, et vendredi dernier, auxquels s'etoit trouvé le

1031 2138 1709 127 d Nob. Lullin, il auoit satisfait auec honneur et applaudisse

1031 2242 1695 124 aux questions qui lui ont été faites, et iugé digne d'etre

1021 2326 1751 135 aggregé au nombre des Avocats. Ensuite de ce Spble Jean Sales

1022 2445 1720 111 étant entré avec led N. Rilliet par permission de Monsr

1022 2538 1729 127 le 1er Sindic, il la presenté au Conseil et l'a prié de l'admett

1022 2649 1725 111 à la prestation du serment, ce qui a été fait, et led Sr Rillie

1017 2753 1348 131 a prêté le serment ordinaire des Avocats

1013 2956 1732 131 Jean Labat Teinturier, apellé céans pour auoir fait planter diuers

481 3096 452 104 Jean Labat

1013 3072 1725 115 pilotis au devant de la maison qu'il possede dans l'Isle procedée de fe

1010 3169 1739 115 Dumeurier par le moien desquels il fait une anticipations dans le li

1004 3251 1768 139 du Rhosne. A répondu que ses ouvriers n'auoient pû faire autremen

1011 3346 1744 160 sur ce a été dit que le Conseil se transportera sur le lieu pr l'examiner
