2790 4075
844 147 206 142 246

1056 329 1717 187 Lesd reiglemens aians été discutés au Vener Consistoir

1063 451 1716 170 le Jeudi 7e avril 1712, ont été aprouvés, et L'avis a été

1064 565 1696 152 de faire une députation de ce corps au Conseil pour lui

1053 667 1691 154 présenter ces reglemens, et le prier de les aprouver et d'en

1057 769 1696 141 ordonner l'execution de ce qu'il trouvera bon, et deputer

1050 873 1699 134 pour cet effect Mr Vial Moderateur et Mr l'Auditeur

1048 980 1477 136 Buisson. Signé Du Pan secretaire

1057 1177 1696 145 Le Conseil a honoré aujourdhui de sa présence la solennit

1055 1288 525 115 des promotions

1050 1473 1723 163 A été leu une lettre de Mrs de Berne du 16e de ce mois, receu

1041 1593 1676 136 Vendredi dernier par laquelle ils remercient de l'envoi des

1050 1702 589 97 trois cent hommes.

1340 1892 1028 138 Du Mardi 24e Mai 1712.

1186 2001 1221 133 Abs. Nob. Choüet, Lullin DeLaRive

1025 2209 1697 143 Didire Deuaux apellé céans pour n'avoir par éxecuté les

1032 2313 1712 132 résolutions du Conseil des 19, 23 feurier et 30 Mars dernier

1023 2417 1719 136 intimées à Sa fille, au Suiet du batiment qu'il a fait édifié

1023 2519 1712 143 dans son jardin de St Gervais prés du Magasin à poudre

1028 2630 1721 131 lui a été de plus fort donné ordre de le démolir incessamen

1025 2732 1712 143 et a été en outre renuoié par devant les Seigrs Commis en

1014 2829 1730 136 la Chambre des Comptes pour examiner quel dédommagemen

1021 2927 1714 151 la Seigrie lui donnera, de pure grace néantmoins, ne lui en

1019 3058 579 97 étant deus aucun

1005 3230 1726 131 Mr le Sindic de la Garde aiant raporté que les Spbles Pasteurs,

1014 3336 1714 141 leurs Veuves, Les Regens, les Delles Veuues des Seigrs de céans

514 1197 455 131 Promotions

502 1464 512 125 Lettre de Berne

523 1616 468 138 Toggenbourg

459 2261 517 156 Didier Deuaux
