1146 2150
52 30 1065 75 7 que vous puiserés pour boire. + Le Seig¬

181 66 932 84 neur vôtre Dieu a benis dans toutes

182 121 944 94 les œuvres de vos mains: Le Seigneur Dieu

184 182 915 95 a pris soin de vôtre chemin, quand vous

181 247 950 88 avés marché dans ce desert, ayant demeu¬

177 313 925 93 ré avec vous pendant quarante ans, et il

34 376 1068 89 8 ne vous a rien manqué; + ayant donc

184 437 936 98 laissé nos freres les fils d'Esau, qui habi¬

181 498 934 104 toient seir, nous vînmes par le chemin de

181 562 948 102 la plaine d'Elath, et d'Asiogaber, au che¬

23 616 1074 131 9 min, qui méne au desert de Moab, + et

186 702 954 79 le Seigneur me dît: ne combattes point con¬

184 754 922 95 tre les Moabites, et n'ayés point de guerre

175 827 910 90 avec eux: car je ne vous donnerai rien

173 879 944 95 de leur pais; parce que j'ai donné Ar aux

17 938 1091 101 10 fils de Loth pour la posseder. + Les pre¬

193 1006 909 95 miers qui ont habbité ce paus ont été les

182 1066 940 100 2 Emins peupe grand et robuste, et d'une

193 1137 904 90 si haute taille, qu'on les croyoit de la race

41 1202 1058 91 11 des 3 Enacites, + 4 comme geans, et qu'ils

195 1268 907 93 étoient semblables aux Enacites. Enfin les

43 1331 1079 82 12 Moabites les nomment Emins. + Les Hor¬

184 1395 927 77 rhéeéns ont demeuré auparavant en Seir,

166 1462 956 87 V. VII 1 Lett. a connu, mais le mot de connoître signi¬

143 1521 968 66 fie souvent dans l'Ecriture avoir un soin particulier.

172 1582 927 73 V. IX 2 C. aux Moabites, qui descendoient de Moab, un

148 1634 305 64 des fils de Loth.

181 1659 916 100 V. X 2 Il est parlé de ces peupes au Chap 14. de la

141 1730 206 68 Genese V. 5.

267 1770 647 84 3 C. descendans du Geant Enae.

190 1831 921 82 V. XI 4 Il y a dans l'Ebreu Repheim, que les Sept.

148 1892 840 84 ont conservé, comme un nom de peuple.

887 2008 178 91 lesquels
