1198 2038
185 30 967 58 jugement en main; J'exercerai ma ven¬

20 120 1099 73 42 ceux qui me haissent. + 25 J'enyvrerai de

188 64 919 80 geance contre mes ennemis, et je châtirai

190 180 938 86 sang mes fléches, et mon épée sera rassasiée

188 239 960 83 de chair 26 à cause au sang de ceux, qui au¬

190 300 917 82 ront été tüés, et des captifs auxquels 27 on

18 360 1130 95 43 aura rasé la tête comme ennemis. + Nations

188 429 945 83 loués le peuple du Seigneur, parce qu'il van¬

188 490 964 89 gera le sang de ses serviteurs; et que tirant

198 557 932 79 vengeance de leurs ennemis; il se reconcili¬

28 614 1083 89 44 era avec le pais de son peuple. + Moyse

192 682 936 85 donc accompagné de Josüé fils de Nun pro¬

188 745 933 92 nonça toutes les paroles de ce cantique de¬

35 805 1064 98 45 vant le peuple, qui étcoutoit. + Et aprés

192 866 914 98 qu'il eut achevé de les reciter à tous les

25 925 1069 102 46 Israëlites, + il leur dit: faites attention à

185 996 929 90 tout ce que je vous rapporté aujourdhui, afin

188 1052 943 102 d'ordonner à vos enfans d'observer, de fai¬

193 1117 930 104 re et d'accomplir toutes les paroles de cette loy.

33 1182 1100 100 47 + Parce que ce n'est point en vain qu'on vous

188 1251 940 95 a donné ces commandemens; c'est afin qu'ils

198 1316 891 88 vous fassent vivre, et que les mettant en

188 1377 914 86 pratique vous viviés longtêms dans le pais où

203 1441 904 95 vous allés entrer pour le posseder aprés avoir

188 1518 911 68 V. XLI 24 C. qui est reluisante, comme un eclair. autr

154 1559 943 84 qui perce tout. La particule comme n'est point dans

154 1610 817 66 l'Ebreu, mais on la  doit quelquefois suppleer.

192 1655 898 65 V. XLII 25 Ce sont des expressions metaphoriques et

156 1696 787 77 poëtiques pour marquer un grand carnage.

300 1745 792 77 26. C. A cause du sang des Israëlites qui aura

152 1778 962 95 esté repandu, c'est le sens qu'on doit donner en cet en¬

166 1840 838 77 endroit à la particule de qui est dans nôtre vulg.

293 1880 814 118 27 C'est la coûtumé de raser la tête des esclaves.
