1268 2222
220 7 999 76 dit au Seigneur: vous commandés de conduire

216 79 1003 70 ce peuple, et vous ne me faites point connoître

215 138 1004 78 qui vous devés envoyer avec moi: et cepen¬

42 248 1172 92 13 vôtre nom, et vous m’étes agreable. + Si donc

222 198 977 72 dant vous m’avés dit: je vous connois par

211 314 999 95 je vous suis agreable, faites moi voir 9 vôtre

216 379 992 96 visage, afin que je vous connoisse, et que je

213 435 1004 100 vous sois agreable; considerés que cette nation

35 503 1153 82 14 et vôtre peuple. + Le Seigneur lui dit:

211 568 992 81 10 Je marcherai moi même devant vous, et je

37 629 1160 82 15 vous mettrai en un lieu de repos. + Moyse

207 694 1001 72 répondit: si vous ne marchés pas vous même

211 757 1001 74 devant nous, ne nous tirés point de ce lieu-

33 807 1175 100 16 ci: + Car en quoi pourrons nous scavoir moi,

211 886 1012 84 et vôtre peuple, que nous vous sommes agre¬

207 953 1001 76 ables, si vous ne marchés avec nous, 11 afin que

203 1005 983 93 tous les peuples, qui sont sur la terre, vous

27 1066 1153 111 17 glorifient. + Le Seigneur dit à Moyse; Je

194 1142 1007 89 ferai aussi ce que vous venés de dire: car

207 1207 1031 76 vous m’étes agreable, et je vous connois par

27 1259 1155 98 18 vôtre nom. + Moyse dit au Seigneur faites

24 1333 1188 98 19 moi voir 12 vôtre gloire. + Le Seigneur lui ré¬

220 1392 988 96 pondit: 13 Je vous ferai voir toute sorte de

218 1460 999 82 biens, et 14 je vous ferai invoquer le nom du Seig¬

176 1570 1027 65 jeune, nous nommons dans nôtre langue garçon, ce¬

179 1607 1012 72 lui qui sert un autre, sans avoir égard à l’âge,

181 1651 1007 91 c’est apparemment en ce sens la que Josüé est ici

179 1712 482 61 appellé jeune homme.

255 1740 959 82 V. XIII 2 Ebr. Vôtre voye on lit aussi dans plu¬

172 1796 1027 87 sieurs exemplaires mss. de la vulg. viam tuam, c. cè¬

181 1857 443 63 qui vous est agreable.

224 1886 741 73 V. XIV 10 Let. Mon visage marchera.

233 1936 977 73 V. XVI 11 On peut aussi traduire sur l’Ebreu, nous soy¬

185 1984 1029 75 ons distingués moi et vôtre peuple de tous les peuples etc.

239 2047 945 60 V. XVIII 12 Autr. Vôtre lumiere, comme il y a dans la

196 2084 992 71 version arabe, de Saad c. retirés vous de cette nüée

194 2131 671 70 afin que je vous voye vous même.
