1271 2179
45 3 87 93 194

123 69 1067 76 10 vescies, dans toute l’Egypte. + Ayant donc

290 29 897 67 et sur les bestes des ulceres 1 avec de grosses

287 121 927 80 pris de la cendre d’un foureau, ils se presen-

270 172 900 74 terent devant Pharaon; Moyse la jetta en

276 219 913 76 l’air, et il se forma sur les hommes, et sur

129 330 1034 96 11 + Et les magiciens ne pûrent se tenir

281 274 902 90 les bestes des ulceres avec de grosses vescies.

280 384 898 88 devant Moyse à cause des ulceres qu’ils

123 504 1064 77 12 ens. + Le Seigneur endurcit le cœur de

278 446 925 87 avoient aussi bien que tous les autres Egypti¬

263 559 913 85 Pharaon, et il n’ecouta point Moyse et

265 622 940 69 Aaron, comme le Seigneur l’avoit dit à Moy¬

114 675 1080 82 13 se. + Le Seigneur dit encore à Moyse: le¬

265 739 933 76 vés vous du matin, et presentés vous devant

261 800 917 78 Pharaon, et lui dites: voici ce que dit le

254 860 918 80 Seigneur Dieu des Ebreux: laissés aller mon

109 924 1067 85 14 peuple, afin qu’il m’offre des sacrifices. + Car

256 993 905 76 c’est à cette fois que je ferai tomber toutes

260 1051 903 69 2 mes playes sur vôtre cœur, sur vos servi¬

254 1111 927 80 teurs, et sur vôtre peuple, afin que vous sça¬

260 1174 912 78 chiés, que nul n’est égal à moi dans toute

116 1234 1078 75 15 la terre. + Car je vas étendre ma main,

258 1298 911 78 et je vous frapperai 3 de peste, vous, et vôtre

105 1352 1065 89 16 peuple, et vous perirés de dessus la terre. + Et

258 1414 931 78 c’est pour cette raison, que 4 je vous ai établi,

263 1470 906 75 afin de faire connoître ma puissance en vôtre

256 1528 898 66 personne, et que mon nom soit annoncé

260 1596 907 90 V. IX 1 Les Sept. ont raduit des vessies boüillantes,

225 1643 962 89 comme si l’excés de la chaleur les avoit fait boüillir.

260 1688 940 107 V. XIV 2 C. toutes les playes, dont je veux vous frapper,

225 1739 931 87 et je vous percerai jusqu’au cœur, ayant été jusqu’à

216 1779 364 67 present insensible.

256 1821 934 85 V. XV 3 Le mot de peste signifie en general toute sor¬

214 1863 636 63 te de playe, qui peut causer la mort.

250 1897 893 82 V. XVI 4 Il y a dans l’Ebreu un verbe, qui signifie

227 1933 969 89 à la lettre stare fecite. C. je vous ai conservé en vie;

232 1984 969 95 Les Sept. ont traduit selon ce sens, vous avés été conservé.
