1233 2053
215 30 944 65 nant à garder à ses enfans tout ce qui étoit

30 123 1113 77 36 fut blanc, ou noir. + Il mit deplus l’espace

215 73 935 74 d'une seule couleur dans le troupeau, soit qu'il

214 176 943 77 de trois journées de chemin entre lui et son gen¬

35 280 1146 84 37 + Jacob donc prenant des branches vertes de peuplier,

203 225 954 88 dre, qui faisoit paître le reste des troupeaux.

196 333 932 81 d’amandier, et de plane, en ôta une partie de

200 386 945 84 l’écorce, et les écorces ayant été ôtées, les

202 443 957 77 endroits, où il n'y en avoit plus parurent

190 494 953 73 blancs, et les autres qui étoient restés entiers

205 547 932 75 demeurerent verts, de sorte que les branches

17 598 1138 93 38 furent de diverses couleurs. + Il les mit en¬

184 656 999 83 suite dans les abreuvoirs qu’on remplissoit d'eau,

191 718 968 75 afin que lorsque les troupeaux viendroient boire,

203 773 942 70 ils eussent ces branches devant les yeux, et

3 816 1144 107 qu’ils conçûssent en les regardant. + Il arriva

193 882 959 82 que dans la chaleur de l'action les brebis regar¬

190 939 1000 104 derent ces branches, et qu'elles eurent des agneaux

195 990 936 98 tachetés, marquetés, et de diverses couleurs.

5 1053 1138 91 40 + Jacob divisa le troupeau, et mit les branches

183 1110 952 91 dans les abrevoirs devant les yeux des beliers,

178 1168 972 82 tout ce qui se trouva, ou blanc, ou noir, aprés que

183 1219 967 81 les troupeaux furent separés fut à Laban; et le reste

3 1279 1158 75 41 à Jacob. + Lors donc que les brebis étoient couver¬

186 1331 973 77 tes dans la premiere saison Jacob mettoit les branches

176 1389 955 72 dans les abrevoirs devant les yeux des beliers,

181 1438 974 82 et des brebis, afin qu’elles conçûssent en les regardant.

35 1493 1103 77 42 + Mais quand elles n'étoient couvertes que dans

190 1538 983 104 la derniere saison. Il ne mettoit point ces branches;

183 1601 969 92 de sorte que ce qui venoit dans cette derniere saison,

186 1657 971 76 étoit pour Laban, et ce qui venoit dans la premiere

22 1705 1111 77 étoit pour Jacob, qui devint tres riche. + Il

190 1762 943 75 eut beaucoup de troupeaux, des serviteurs, des

191 1813 774 89 servantes, des chameaux, et des ânes.

798 1941 325 96 Chap. XXXI.
