1213 2162
1146 5 43 86 3

178 84 825 67 Le livre de la Genese appelé en Ebreu

497 127 187 78 Beresith

425 199 258 78 Chapitre 1

32 263 995 90 1 1 Dieu 2 crea au commencement le ciel et la terre

28 345 1028 58 2 + Or la terre étoit sans 3 forme, et sans figure, les

108 389 948 61 tenebres étoient sur 4 l’abysme, et 5 l’esprit de Dieu

34 436 1025 90 3 6 étoit porté sur les eaux. + Dieu dit que la lumiere

111 488 674 81 soit faite, et la lumiere fut faite.

120 574 965 74 V. I. 1 Ces premiers mots de la Genese peuvent être traduits

111 630 975 60 à la lettre de differentes manieres sur l’Ebreu: mais l’in¬

118 672 970 70 terpretation la plus simple et la plus naturelle est celle

111 722 959 65 que St Jerome a suivie dans nôtre Vulgate aprés les

120 765 952 70 Septante. Le sens est comme il y a dans la version

120 812 959 74 arabe de Saadias: la premiere chose, que Dieu crea,

109 862 458 60 fut le ciel et la terre.

212 897 867 90 2 Fit de rien selon l’explication de tous les com¬

122 972 919 58 mentateurs tant Juifs que Chrestiens. Neanmoins

122 1012 952 70 le verbe, qui est dans l’Ebreu signifie generalement

111 1053 956 80 faire, soit de rien, soit de quelque matiere, de sorte

131 1100 939 87 qu’il n’y a que la tradition constante des Juifs, et des

126 1151 942 84 Chrestiens, qui lui donne en ce lieu-ci la signification

120 1216 274 57 de créer de rien.

126 1243 942 88 V. II.	3 Lett. Vaine et vuide: ce que S. Chrysostome

129 1302 928 72 a tres bien expliqué par ces deux mots grecs ἀμόρ¬

126 1345 933 76 φωτον et ἀδιατύπωτον, sans forme et sans figure; c’est

129 1398 932 64 à dire que toutes choses étoient dans la confusion,

111 1439 963 70 sans qu’il y eût encore rien de distingué, et c’est

122 1484 943 69 ce qu’on nomme ordinairement chaos, ou matiere

133 1518 944 90 dans laquelle toutes choses étoient renfermées sans

127 1605 289 52 estre developpées.

264 1603 817 97 4 Par abysme l’on entend des eaux immenses, dont

129 1670 555 74 la terre étoit couverte de tous costés.

266 1716 819 65 5 Plusieurs anciens commentateurs Grecs, et entr’

131 1751 952 81 autres Theodoret ont entendu l’air ou le vent par le mot d’esprit,

129 1799 950 56 comme s’il estoit ici parlé d’un grand vent, ou d’un air agité

133 1825 952 63 et cette interpretation se trouve appuyée par plusieurs anciens

127 1859 961 61 interpretes Juifs. S. Chrysostome par ce mot d’esprit a enten¬

135 1897 928 66 du une certaine operation vitale, qui estoit dans ces eaux.

127 1929 914 63 S. Jerome a observé, que quelques uns l’expliquoient de l’ame

131 1960 939 63 du monde, mais il rejette cette interpretation, voulant qu’il soit

135 1996 784 63 ici parlé du S. Esprit, et c’est l’explication la plus reçûe.

281 2017 798 83 6 St Jerome a remarqué que le verbe, qui est dans
