1216 2059
5 3 115 82 396

115 34 1054 89 6 en servant Moloch. + Celui qui aura eu

255 73 907 110 recours aux magiciens, et aux devins, ido¬

115 199 1044 101 7 et je l'exterminerai entierement. + sancti¬

249 142 901 96 latrant avec eux sera l'objet de ma colere,

230 255 908 112 fiés vous, et soyés saints, parce que je suis

103 324 1047 106 8 le Seigneur vôtre Dieu. + Observés mes

237 399 915 83 commandemens et les mettés en pratique.

96 456 1066 96 9 Je suis le Seigneur, 2 qui vous santifie. + ce¬

242 531 908 91 lui qui maudira son pere ou sa mere sera

242 600 910 88 mis à mort; ayant maudit son pere, ou sa

85 662 1045 92 10 mere, 3 que son sang tombe sur lui. + si

237 736 927 85 quelqu'un abusant de la femme de son pro¬

231 804 919 76 chain commet un adultere avec elle; tant

243 864 928 84 l'homme que la femme, qui sont tombés dans

66 929 1084 88 11 l'adultere, seront mis à mort. + Celui

249 995 910 80 qui aura abusé de sa belle mere, et aura

243 1063 916 83 decouvert ce qui étoit reservé à son pere;

242 1118 907 83 l'un et l'autre seront mis à mort, que leur

54 1185 1120 79 12 sang retombe sur eux. + si quelqu'un a ab¬

240 1242 934 84 usé de sa bru, l'un et l'autre seront mis à mort,

238 1305 935 86 parce qu'ils ont fait une grande mechanceté,

80 1358 1079 100 13 que leur sang retombe sur eux. + si quel¬

231 1431 933 82 qu'un fait servir un homme de femme, l'un

249 1492 913 93 et l'autre ayant commis une grande me¬

243 1564 919 83 chanceté seront mis à mort; que leur sang

82 1628 1061 82 14 retombe sur eux. + Celui qui aura épousé

250 1698 900 71 et la fille et la mere a commis une grande

252 1775 919 78 V. VII 2 Dieu sanctifioit les Israëlites, en leur don¬

212 1832 962 69 nant de bonnes loix, qu les distinguoient des autres peuples

219 1883 952 73 de la terre, ceux qui les observoient étoient saints:

252 1938 869 74 V. IX 3 C. Il est lui même la cause de sa mort.
