1167 2089
52 20 1050 91 17 dans toute la terre. + Vous retenés encore

198 83 899 77 mon peuple sans vouloir le laisser aller?

57 142 1052 84 18 + Je ne manquerai point de faire pleuvoir

513 200 79 43 même

198 210 902 75 demain à cette heure une si grosse graisle,

210 264 880 78 qu’il n’y en a jamais eu de semblable en

209 322 891 92 Egypte, depuis qu’elle est jusqu’aujourdhui.

53 377 1047 93 19 4 Envoyés donc maintenant rassembler

207 447 885 71 5 vos bestes, et tout ce que vous avés dans les

203 499 899 82 champs. Car hommes, bestes, et tout ce qui

214 560 926 82 se trouvera dehors, et qu’on n’aura point re¬

203 616 892 90 tiré de la campagne, la gresle venant à

59 668 1041 103 20 tomber sur eux, ils mourront. + Ceux

212 732 921 98 qui d’entre les serviteurs de Pharaon craigni¬

214 797 888 96 rent la parole du Seigneur firent retirer

215 854 934 96 dans leurs maisons leurs serviteurs, et leurs bestes:

74 910 1037 106 21 + Mais ceux, qui negligerent cette parole

196 983 927 89 du Seigneur, laisserent dans les champs

74 1039 1049 102 22 leurs serviteurs, et leurs bestes. + Le Seig¬

229 1103 887 89 neur dit à Moyse: étendés vôtre main

215 1173 892 89 vers le ciel, afin que dans toute l’Egypte

224 1237 887 84 il tombe une gresle sur les homme, sur

233 1302 873 74 les bestes, et sur toute l’herbe des champs.

80 1359 1020 91 23 +  Moyse donc étendit sa verge vers le

229 1424 894 85 ciel, et le Seigneur fit tonner, et gresler,

229 1486 910 70 on ne voyoit que des éclairs sur la terre;

209 1565 919 50 V.XIX 5 Il est dit au vers .6. de ce Chapitre, que tout

177 1606 962 58 le bestail des Egyptiens mourut, et cependant il paroit

174 1650 961 59 par ce verset, et par le verset 9, qu’il en restoit en¬

181 1690 938 54 core ; quelques uns tachent d’eviter la contradiction, en

182 1730 950 68 disant, que cette mortalité ne s’étendit qu’aux bestes

195 1772 949 66 qui estoient dans les champs, mais il est plus naturel

184 1815 960 61 de dire, que le mot Ebreu, qu’on traduit ordinairement

184 1862 953 70 tout, ne signifie souvent dans l’Ecriture qu’une bonne

193 1904 932 75 partie, et non pas absolument tout. Cette façon de

182 1946 962 66 parler ne nous est pas inconnüe: car nous disons en no¬

191 1986 906 73 tre langue, tout le monde, pour marquer seulement

195 2038 555 47 un grand nombre de personnes.
