1105 2092
162 61 899 80 lesquels ayant été chassés et détruits, les fils

157 104 874 91 d'Esau y haiterent, comme ont fait les

164 167 879 85 Israëlites dans le pais, que le Seigneur leur

40 224 1002 86 13 a donné pour le posseder. + Nous étant

181 280 883 98 donc levés pour passer le toorent de Zared,

36 350 1035 89 14 nous y arrivâmes. + Or le teḿs de la mar¬

171 411 879 85 che depuis Cadesbarné jusqu'au passage du

171 467 888 97 torrent de Zared fut de trente huit ans,

179 531 894 91 jusqu'à ce que toute la generation des gens

172 594 885 87 de guerre fût éteinte dans le camp, con¬

167 658 892 75 formément à ce que le Seigneur avoit dit

34 709 999 91 15 avec serment; + sa main fût contr'eux

47 770 1028 96 16 pour les faire perir dans le camp. + apres

41 828 1029 102 17 que tous les soldats furent morts, + le Seig¬

41 878 1034 105 18 neur me parla de la sorte: + vous pass¬

176 948 906 89 rés aujourd'hui par les confins des Moabites,

48 1000 1011 113 19 par la ville nommeé Ar; + et quand vous

178 1073 878 96 approcherés du voisinage des Ammonites,

185 1127 853 105 donnés vous bien de garde de combattre

186 1195 894 95 contr'eux, et de les exciter à la guerre:

188 1256 873 103 car je ne vous donnerai rien du pais des

195 1317 871 102 Ammonites, parce que je l'ai donne aux

48 1372 1013 118 20 5 fils de Loth pour le posseder. + On a crû

183 1429 860 112 que c'étoit le pais des 6 geans, et il a été

186 1490 887 117 autrefois habité par les geans, que les Am¬

47 1548 995 122 21 monites appellent Zomzommites. + C'étoit

190 1619 885 101 un peuple grand et nombreux, et d'une tres

193 1680 847 101 haute taille, comme les Enacites, que le

185 1734 876 126 Seigneur a détruit par les Ammonites,

52 1786 1019 136 22 qu'il a établis en leur place, + comme il

179 1860 864 104 V. XIX 5 Les Ammonites descendoient d'un fils de Loth.

185 1929 857 86 V. XX 6 Les Sept. ont aussi conservé ici le mot de

148 1964 923 114 Rephaim, comme un nom de peuple. Mais l'ancienne
