1174 2063
89 67 1014 58 4 + Et Dieu ayant vû, que la lumiere estoit bonne,

84 92 1022 93 5 il separa la lumiere d’avec les tenebres. + Il ap¬

203 147 891 81 pella la lumiere jour, et les tenebres nuit, en

79 238 1003 95 6 un 8 premier jour + Dieu dit aussi, 9 qu’un

182 189 893 94 sorte que d’un soir et d’un matin fût fait

168 285 918 105 firmament soit fait au milieu des eaux, et

80 342 1007 89 7 qu’il separe les eaux d’avec les eaux + Et Dieu

201 391 890 81 fit le firmament, et separa les eaux, qui étoient sous

204 446 906 74 le firmament de celles, qui étoient

196 486 819 84 au dessus du firmament: cela fut fait.

75 534 1007 76 8 + Dieu nomma le firmament 10 ciel; et d’un

166 591 918 81 soir et d’un matin fut fait un second jour.

115 699 974 64 l’Ebreu signifie couuoit, comme si la comparaison étoit

108 740 981 74 prise des oiseaux, qui couvent leurs œufs. Cette inter¬

111 787 988 72 pretation se trouve appuyée par S. Basile conformement

110 837 971 65 à l’ancienne version syriaque et par R Salomon; mais

120 883 957 65 celle que S. Jerome a laissée dans nôtre vulgate, est

118 926 539 65 plus simple et plus naturelle.

132 974 952 66 V. V. 7 Le mot de soir se prend icy pour toute la nuit, et

113 1019 592 76 celuy de matin pour tout le jour.

189 1076 857 74 8 Lett. Un jour, mais un et premier dans l’Ebreu

96 1114 988 103 sont la même chose, le mot Ebreu a ces deux signi¬

86 1187 206 83 fications.

135 1224 954 80 V. VI. 9 La pluspart des nouveaux Interprêtes traduîssent

117 1277 967 75 étenduë et en effet il est ici parlé de cette vaste éten¬

103 1328 986 67 duë, qui est au dessus de nous. Mais il est plus a pro¬

113 1373 950 69 pos de garder avec les anciens Interpretes Grecs,

125 1428 954 62 et nôtre vulgate le mot de firmament, et luy donner

120 1469 955 69 le sens, qu’on jugera le plus convenable aux endroits

120 1521 220 65 ou il sera.

141 1574 921 88 V. VIII. 10 Le mot Ebreu est au plurier: Cieux, mais

122 1629 941 76 il n’a point de singulier en cette langue, et il

106 1679 969 86 signifie, comme le mot de firmement, cette vaste

117 1732 793 93 étenduë, qui est au dessus de nous.

810 1897 152 78 + Dieu
