1207 2181
189 18 958 111 neur, qui marchera devant vous. 15 Je ferai

183 90 976 99 grace à qui je voudrai, et j’userai de cle¬

16 154 1165 85 20 mence envers qui il me plaira. + Dieu dit

185 203 1005 113 encore: Vous ne pourrés me voir: Car 16 l’hom¬

21 274 1147 100 21 me ne peut me voir et vivre; + Il ajouta

185 332 980 96 de plus, voici un lieu 17 aupres de moi; tenés

19 398 1158 85 22 vous sur 18 la pierre, + et lorsque ma gloire

185 459 972 82 passera, je vous ferai mettre à la fente de la

185 514 974 93 pierre, et je vous couvrirai 19de ma main,

32 577 1153 100 23 jusqu’à ce que je sois passé; + Puis je retire¬

185 645 978 76 rai ma main, et vous me verrés par der¬

176 705 989 69 riere, mais vous ne pourrés voir mon vi¬

179 757 175 73 sage.

170 852 1018 82 V. XIX 13 Il y a à la lettre dans l’Ebreu: Je ferai pas¬

139 890 1004 91 ser toute ma bonté devant vous. Le sens est, je me

139 954 844 63 ferai voir moi même, qui suis tout bien.

245 997 905 69 14 Let. J’appellerai au nom du Séigneur devant

139 1043 1024 76 vous. Ebraîsme. Les Sept. ont traduit: Je passerai

145 1095 1012 73 devant vous avec ma gloire, et j’appellerai de mon

149 1139 996 75 nom le Seigneur est devant vous. Selon les Interpretes

143 1190 1020 85 le sens est, que la gloire ou la lumiere de Dieu mar¬

143 1248 1027 78 cha devant Moyse, et que Dieu l’en avertir, en di¬

129 1301 699 85 sant: le Seigneur est devant vous.

241 1354 942 85 15 Let. Je ferai misericorde. C. en ce lieu-ci j’accor¬

147 1412 901 65 derai mes faveurs comme il y a dans l’Ebreu.

192 1463 956 69 V. XX 16 C. Tant que l’homme est en ce monde il

143 1528 287 62 ne peut me voir.

205 1561 763 72 V. XXI 17 C. sur la montagne de Sinai.

298 1617 836 80 18 Autr. Auprés de la pierre, c’est quelque

149 1677 601 71 pierre, que Dieu lui montra.

198 1713 947 100 V. XXII 19 Par la main plusieurs Juifs entendent

143 1799 220 51 la nüée.

383 1866 549 107 Chapitre XXXIV

63 1946 1094 98 1 Le Seigneur dit encore à Moyse taillés

210 2015 924 86 deux tables de pierre comme les premieres,
