1218 2187
359 58 528 65 Chapitre XXXI.

89 92 1061 104 1 Or Jacob entendit dire aprés cela aux en¬

207 173 945 82 fans de Laban: Jacob a emporté tout ce qui

206 229 931 79 étoit à nôtre pere, et s’étant enrichi de son

71 278 1112 86 bien, 1 il s'est fait un grand nom. + Il reconnût

211 331 943 82 aussi sur le visage de Laban, qu'il n'avoit plus

71 388 1106 69 3 pour lui les mêmes egards qu'auparavant, + Outre

211 435 937 80 que le Seigneur lui dit: retournés au pais de vos

202 490 946 76 peres, et à vôtre parenté, et je serai avec vous.

60 541 1112 75 4 + Il envoya appeler Rachel et Lia pour venir

195 588 959 88 dans le champ, où il faisoit paître ses trou¬

61 643 1087 86 5 peaux, + et il leur dit: Je vois sur le visage

195 694 951 84 de vôtre pere, qu’il n’est plus à mon égard,

191 745 966 75 comme il étoit auparavant, or le Dieu de mon

52 789 1102 94 6 pere a été avec moi. + et vous sçavés vous

198 849 965 84 mêmes, que je ne me suis épargné en rien pour

58 907 1079 89 servir vôtre pere: + et il m’a même trompé

187 958 981 84 ayant changé 2 par dix fois ce qu’il me devoit

185 1013 936 78 pour recompense. Dieu neanmoins ne lui a pas

67 1060 1099 91 8 permis de me faire aucun tort. + Lorsqu’il di¬

176 1117 994 82 soit: vous aurés les tachetées pour vôtre recom¬

178 1173 954 75 pense, les brebis n'avoient que des agneaux

187 1224 943 80 tachetés; s'il disoit au contraire: vous aurés

185 1277 981 82 toutes les blanches, tout le troupeau n’avoit que

63 1330 1072 89 9 des agneaux blancs. + Dieu a ôté les biens de

60 1385 1052 91 10 vôtre Pere pour me les donner. + Car le tems

184 1447 951 72 que les brebis conçoivent étant venu, je levai

189 1498 977 78 mes yeux, et je vis en songe, les masles qui cou¬

189 1552 961 70 vroient les femelles marquetées, tachetés, et de di¬

63 1598 1063 78 verses d couleurs. + L'ange de Dieu me dit

196 1651 947 80 en songe: Jacob, et je repondis: me voici.

56 1702 1101 76 12 + Il ajouta: levés les yeux, et voyés que tous

189 1753 961 67 les masles, qui couvrent les femelles sont mar¬

193 1800 953 73 quetés, tachetés, et de diverses couleurs. Car j’ai

43 1846 1094 87 vu tout ce que Laban vous a fait. + Je

165 1935 1009 71 V. I 1 C. Il est estimé dans le monde comme un homme tres riche.

169 1981 972 71 V. VII 2 C. Plusieurs fois, prenant tantôt les brebis qui

147 2024 1009 71 étoient tous d’une couleur, tantot celles qui étoient mar¬

151 2077 596 62 quetées et de differentes couleurs.
