1167 2096
202 68 856 85 mechanceté, il sera brûlé tout vif avec

199 113 859 101 elles; un si grand crime ne doit pas être

54 186 1039 82 15 chés vous. + Celui se sera corrom¬

202 251 889 84 pu avec une beste, sera mis à mort: vous

47 309 1051 90 16 füerés aussi la bête. + On fera aussi mou¬

209 373 886 88 rir la femme, qui se sera corrompüe avec

209 433 886 91 une bête, que leur sang retombe sur elles.

66 492 1027 103 17 + Celui qui aura pris sa soeur fille de son

202 560 884 89 pere ou de sa mere, et aura vû ce qu'elle

207 625 877 87 a de caché, et elle aura aussi vû ce que

202 689 877 91 son frere a de caché, l'un et l'autre ont

204 745 894 93 commis une mechante action; Ils seront

213 810 877 86 mis à mort en presence du peuple, parce

213 868 880 92 qu'ils se sont decouvert l'un et l'autre

209 936 896 91 ce qu'ils avoient de caché, et ils en seront

62 995 1031 110 18 punis. + Si quelqu'un s'approche d'une

218 1063 868 89 femme, qui a ses ordinaires, decouvrant ce

216 1126 893 93 qu'elle a de caché, et elle de son côté decou¬

209 1184 870 96 vrant la partie d'ou son sang coule, ils

214 1254 876 83 seront tous deux exterminé du milieu de

48 1318 1059 95 19 leur peuple. + Vous ne decouvrirés point

213 1388 896 84 ce que la soeur de vôtre mere et la soeur de

221 1453 870 78 vôtre pere ont de caché, celui qui aura

218 1509 870 87 fait cette action 4 a decouvert la honte de

221 1566 865 98 sa propre chair, l'un et l'autre seront

59 1624 1046 112 20 punis. + si quelqu'un s'est approché de

230 1694 877 92 la femme de son oncle, soit parternel, soit

232 1750 873 90 maternel, et a decouvert ce que sa proche

218 1809 863 110 parente avoit de caché, ils seront punis

211 1902 896 103 V. XIX 4 C. a decouvert ce que sa proche parente avoit

179 1977 201 63 de caché.
