1103 2104
12 59 1052 77 48 passé le Jourdain. + Le même jour le Seigneur

15 103 1047 93 49 dit à Moyse: + montés sur cette montagne

152 170 896 75 d'Abarim 28, c'est à dire des passages sur le

159 227 905 79 mont Nebo, qui est dans le pais des Moabi¬

157 285 886 84 tes, vis à vis de Jericho, et voyés le pais de

157 343 865 91 Chanaan que je donnerai aux ISraelites

163 408 889 91 pour posseder: Vous mourrés sur cette

8 464 1056 111 50 montagne. + Quand vous y seres monté

156 536 908 89 29 vous irés joindre vos peuples, de la même

163 601 892 95 maniere qu'Aaron vôtre frere est mort sur

157 669 884 90 la montagne de Hor, 4 et qu'il a été reüni

38 732 1014 111 51 avec ses peuples, + Parceque vous avés pe¬

166 808 896 82 ché vontre moi au milieu des Israëlites 5 prés

168 869 899 84 des eaux de contradiction à Cades du de¬

164 941 891 77 sert de Sin: parce que vous ne m'avés pas

45 994 1026 103 52 sanctifié étant parmi les Israëlites: + Vous

170 1069 906 79 verrés devant vous le  pais, que je vas don¬

171 1127 900 88 ner aux Israëlites; mais vous n'y entre¬

171 1174 235 77 rés point.

157 1264 907 75 V. XLIX 28 Ces mots, c'est a dire des passages sont

136 1316 874 72 du traducteur, n'étant point dans l'original.

184 1374 456 44 V. L. 29 C. vous mourrés.

182 1411 870 72 V. LI 5 Il est parlé de ces eaux de contradiction

140 1462 533 68 au Chap. 20 des nombres.

310 1522 612 140 Chapitre XXXIII

75 1595 999 121 1 Voici la benediction, que Moyse homme

187 1700 887 104 de Dieu donna aux Israëlites avant que

71 1763 995 90 2 de mourir. + Il leur dit: Le Seigneur

194 1825 866 89 est venu 1 de Sinai, et il s'est levé de Seir

187 1925 854 58 V. II 1 Cela marque la loy, qui fut donnée sur la

150 1961 874 90 montagne de Sinai. Seir et Pharaon étoient

140 2007 338 74 proche de Sinai.
