1227 2126
207 28 966 92 suis 3 le Dieu de Bethel, où vous avés oint une

219 93 926 69 pierre, et m’avés fait un voeu, hastés vous

205 143 961 78 donc maintenant de sortir de ce pais ci, pour

51 246 1147 79 14 + Rachel et Lia lui répondirent: 4 nous reste-t-il

214 193 931 79 retourner dans le lieu de vôtre naissance.

202 295 943 84 encore quelque chose à heriter des biens de la

42 354 1126 83 15 maison de nôtre pere ? + Ne nous a-t-il pas

202 409 962 87 regardées comme des étrangeres, en nous ven¬

198 464 943 86 dant? n’a-t-il pas mange l’argent qui nous

30 524 1127 80 16 appartenoit. + Mais Dieu a pris les richesses

189 577 972 90 de nôtre pere pour nous les donner, et à nos en¬

182 634 993 83 fans, ainsi faites tout ce que Dieu vous a commandé.

39 687 1136 76 + Jacob donc sans perdre de tems s'en alla, ayant

179 740 973 85 fait monter ses enfans, et ses femmes sur des cha¬

31 788 1110 88 18 meaux. + Il emmena tout ce qu'il possedoit,

179 846 968 82 ses troupeaux, et tout ce qu'il avoit acquis en

179 905 959 76 Mesopotamie, et il alla trouver son pere

28 954 1142 77 19 Isaac au pais de Chanaan. + Laban étant a¬

184 1004 947 78 lors allé faire tondre ses brebis, Rachel 4 deroba

28 1061 1115 81 20 les idoles de son pere. + Jacob 6 ne voulut point

17 1121 1149 80 témoigner à son beaupere, qu'il se retiroit. + E¬

186 1179 945 71 tant parti avec tout ce qui lui appartenoit, et

184 1231 957 69 ayant passe la riviere, comme il marchoit vers la

26 1277 1105 78 22 montagne de Galaad, + on vint dire le troisiéme

19 1339 1126 73 23 jour à Laban, que Jacob s'étoit retiré. + Ayant

177 1387 968 95 pris 7 ses freres avec lui, il le poursuivit l’espace

163 1484 783 73 V. XIII 3 c. qui vous suis apparu à Bethel.

163 1532 966 99 V. XIV 4 C. Il ne nous reste plus rien a esperer de nôtre

141 1582 85 53 pere.

171 1603 937 85 V. XIX. 6 Il y a dans l'Ebreu le mot de teraphim, que

141 1658 984 85 quelques Interpretes ont conservé. Aquila a traduit

132 1706 1006 90 μορφώμαλα figures ou images; et en effet c'étoient

143 1753 640 80 comme les dieux penates de Laban.

161 1798 959 83 V. XX 5 Ebr. Déroba le cœur de Laban le Syrien en

134 1840 986 99 ne lui déclarant point qu’il s’en fuyoit, c. qu'il ne lui

140 1890 650 92 fit point sçavoir qu’il se retiroit.

179 1941 443 75 V. XXIII 9 c. Ses parens.

911 2046 156 78 de Sept
