1139 2074
172 22 949 97 sur nous, et il nous a apparu de la monta¬

186 84 942 87 gne de Oharaon, 2 ayant avec lui des milliers

43 209 1052 86 3 3 de feu. + Il y aimé 4 les peuples, tous les

197 146 912 83 de saints, et tenant en sa main droite la loy

176 273 938 89 saints sont en sa main, et 5 ceux qui sap¬

190 340 931 83 prochent de ses pieds seront instruits de lui.

34 404 1056 85 4 + Moyse nous a donné une loy, pour être

43 468 1066 90 5 l'heritage de l'assemblée de Jacob. + 6 Il sera

176 530 895 93 Roy chés le tres droit, les chefs du peuple

178 603 936 84 s'assemblant avec les tribus des Israëlites.

34 668 1058 92 6 + Que Ruben vive, et ne meure point, et

27 732 1080 104 7 qu'il soit 7 en petit nombre. + Voici la be¬

179 803 916 88 nediction de Juda, écoutés Seigneur la voix

186 869 901 90 de Jufa, faites le entrer 8 chés son peuple,

190 941 898 82 pour lequel ses mains combattront, 9 et Dieu

31 998 1047 92 8 le defendra contre ses ennemis. + Il dit

193 1069 866 80 aussi à Levi: 9 vôtre perfection, et vôtre

222 1152 872 94 2 On lit dans l'Ebreu de la masore Il est venu

162 1209 482 80 des millions des saints.

233 1266 878 85 3 La loy est ainsi nommée parce qu'elle fut don¬

160 1322 946 91 née au milieu des feus sur une montagne, qu'étoit

155 1370 284 52 toute embrasée.

198 1403 873 85 V. III 4 C. Les Israëlites qui sont aussi designés ici

152 1463 383 61 par le nom de saints.

267 1493 825 72 5 Cela marque ceux qu s'approcherent du pied

172 1539 899 87 de la montagne lorsque Dieu donna la loy, ou c'est

169 1588 904 90 une expression, qui marque la situation des disciples

174 1638 520 74 aux pieds de leurs  maîtres.

193 1676 890 78 V. V. 6 Il y a à la lettre dans l'Ebreu de la masore

169 1724 904 87 Il a été Roy en Jefuron, quelques uns par ce Roy

167 1785 902 67 entendent Moyse, qui parle de lui en troisieme

160 1835 897 71 personne, et par Jefuron qui signifie droit on

176 1883 897 68 entend Israël; et en effet Moyse a été comme le

171 1925 331 66 Roy des Israëlites.

205 1965 885 91 V. VI 7 Les Sept ont traduit au contraire en grand
