1164 2004
178 35 940 45 avoit fait au regard des fils d'Esau, qui ha¬

177 65 931 81 bitent en Seir, détruisant les Horrhéens, et

183 121 914 89 donnant leur puis à ceux là, qui le posse¬

30 175 1088 108 23 dent jusqu'aujourdhui. + De plus les Evé¬

185 240 945 97 ens, qui habitoient à Haserim jusqu'à Ga¬

156 310 941 82 Za ont été chassés par les 7 Cappadociens,

182 370 950 87 lesquels étant sortis de Cappadoce les détrui¬

167 434 936 85 sirent, et habiterent le pais en leur place.

36 484 1094 105 24 + Levés vous, et passés le torrent d'Arnon:

180 556 905 93 Je vous ai livré. Selon l'Amorrhéen Roy

187 621 943 95 d'Hesebon, commencés à prendre possession

23 676 1085 105 25 de son pais, et faites lui la guerre: + Je

195 751 878 85 commencerai aujourd'hui à vous faire

182 816 901 100 craindre et redouter de tous les peuples

170 885 952 88 qui sont sous le ciel, afin qu'ils soient é¬

187 945 926 90 pouventés au seul bruit de vôtre nom, et

180 1015 917 95 que tremblans 8 ils souffrent des douleurs,

188 1078 937 97 comme une femme, qui est dans le travail

15 1137 1068 108 26 de ses couches. + J'envoyai donc du

183 1202 900 107 desert de Cademoth des Ambassadeurs

180 1269 907 103 à Sehon Roy d'Hesebon avec des paroles

36 1327 1057 109 27 de paix pour lui dire: + Nous passerons

188 1407 910 80 par vôtre pais, marchant dans le grand

150 1497 953 66 paraphrase Chald. la version Syr. trois versions Arabes,

153 1549 957 62 traduisent avec la vulg. geans, ou hommes robustes.

195 1589 920 62 V. XXIII 7 Il y a dans l'Ebreu Caphtorim, que S. Jerome

146 1636 952 75 a crû avec tous les anciens être les Cappadociens,

153 1693 949 62 au moins aune partie de ces peuples. L'ancienne ver¬

151 1735 932 70 sion syriaque, et les paraphr. Chald. appuient aussi

155 1788 364 60 cette interpretation.

198 1818 919 74 V XXV 8 S. Jerome a praphrasé cet endroit, n'y ay¬

158 1870 922 88 ant qu'un seul verbe pour tout cela dans l'Ebreu.
