1189 2045
34 76 1108 79 24 + 6 La gresle et le feu étant meslés ensemble,

220 42 902 60 il fit plûvoir une gresle sur l’Egypte.

221 129 894 80 alloient de costé, et d’autre ; et cette gresle

208 192 916 87 étoit si grosse, qu’on n’en avoit jamais vû

221 250 911 82 auparavant de semblable dans toute l’E¬

218 308 904 94 gypte, depuis le premier établissement de cette

22 366 1097 99 25 nation: + La gresle donc frappa dans

214 439 937 77 toute l’Egypte tout ce qui étoit dans les champs,

208 497 946 79 hommes, bestes, et toute l’herbe de la campagne,

22 557 1102 76 26 brisant aussi tous les arbres du pais. + Il

214 610 915 95 n’y eut que la terre de Gessen, dans laquelle

204 676 921 85 les Israëlites habitoient, où la gresle ne tom¬

22 734 1083 94 27 ba point. + Pharaon envoya appeler

197 795 905 87 Moyse, et Aaron auxquels il dit: 7 Oui

199 862 921 82 j’ai peché cette fois; Le Seigneur est juste ;

213 928 895 79 moi, et mon peuples nous sommes des im¬

39 976 1076 104 28 pies. + Priés le Seigneur, que 8 les tonneres,

204 1051 889 77 qu’il a envoyé, et la gresle cessent, afin

208 1111 905 78 que je vous laisse aller, et que vous ne de¬

35 1163 1061 96 29 meuriés pas ici davantage. + Moyse

203 1235 907 82 lui répondit: aussitôt que je serai hors de

203 1295 929 78 la ville, j’étendrai mes mains vers le Seig¬

199 1361 892 75 neur, et les tonneres cesseront, et il n’y

211 1428 906 73 aura plus de gresle, afin que vous connois¬

46 1477 1059 94 30 siés que la terre est au Seigneur. + Mais

203 1547 917 77 je scai que vous, et vos serviteurs ne craig¬

51 1593 1076 89 31 nés point encore le Seigneur Dieu. + Le lin

196 1666 928 80 V. XXIV 6 Ebr. Il y eut de la gresle et du feu pris

168 1724 957 70 dans le milieu de la gresle, c'est-à-dire, que la gresle étoit en¬

155 1767 955 75 flammée, et qu’elle brûloit tout ce qu’elle touchoit.

185 1813 949 75 V. XXVII 7 C. Je reconnois presentement que j’ai peché.

191 1867 938 77 V. XXVIII 8 Let. tonneres de Dieu. Autr. ces horribles

165 1920 346 68 tonneres, hebraisme.
