1217 2133
217 49 919 70 l'un et l'autre, et ils mourront sans enfans.

46 90 1064 103 21 + Celui qui épouse la femme de son frere,

197 145 918 112 fait une chose defendüe: il a decouvert

217 209 914 114 ce qui n'est decouvert qu'à son frere: Ils se¬

58 279 1059 113 22 ront sans enfans. + Observé mes loix,

215 344 916 102 et mes ordonnances, et les executés, 5 de peur

209 410 890 94 que vous ne soyés jettés hors du pais où

56 471 1057 94 23 vous allés entrer et habiter. + Ne vivés

193 538 933 96 point comme vivent les nations, que je

209 604 920 89 vas chasser de devant vous: car elles

211 664 911 94 ont commis toutes ces mechancetés, et je

51 723 1064 107 24 les ai eües en abomination. + Et moi

202 806 906 75 Je vous dis: possedés leur pais, que je vous

204 863 902 86 donnerai en heritage, qui est un pais où

209 918 927 89 coulent le lait et le miel: Je suis le Seigneur

209 982 913 88 vôtre Dieu, qui vous ai separés des autres

51 1030 1071 114 25 peuples. + Faites donc aussi distinction de

217 1109 925 87 ce qui pur et de ce qui est immonde tant parmi

220 1162 888 87 les bêtes que parmi les oiseaux. Que les

234 1221 888 80 bêtes, les oiseaux, et tout ce qui a mouve¬

220 1276 895 92 ment sur la terre, et que je vous ai montré

67 1333 1062 85 26 être immonde ne vous foüillent point. + soyés

217 1393 903 98 saints à mon égard, parceque moi qui suis

224 1461 921 90 le Seigneur je suis saint, et je vous ai separés

195 1526 922 89 des autres peuples afin que vous fussiés à

67 1581 1075 91 27 moi. + Tout homme ou femme qui auront

231 1645 916 84 un esprit de 'Python', ou seront devint, soient

227 1711 890 82 mis à mort: on les lapidera, que leur sang

229 1782 370 55 retombe sur eux.

218 1816 931 89 V. XXII 5 Ebr. De peur que la terre ne vous vomisse.

224 1884 895 71 V. XXVII. 1 Ils semble que le mot Ebreu signifie des

190 1933 941 77 gens qui parlent du ventre, C. qui devinent en par¬

195 1981 328 72 lant du ventre.
