<?xml version="1.0" encoding="UTF-8"?>
<alto xmlns:xsi="http://www.w3.org/2001/XMLSchema-instance"
      xmlns="http://www.loc.gov/standards/alto/ns-v4#"
      xsi:schemaLocation="http://www.loc.gov/standards/alto/ns-v4# http://www.loc.gov/standards/alto/v4/alto-4-2.xsd">
  <Description>
    <MeasurementUnit>pixel</MeasurementUnit>
    <sourceImageInformation>
      <fileName>0003_Blatt.151_1.jpg</fileName>
      
    </sourceImageInformation>
  </Description>
  
  <Tags>
    <OtherTag ID="BT1585" LABEL="MarginTextZone:apparatus" DESCRIPTION="block type MarginTextZone:apparatus"/><OtherTag ID="BT1586" LABEL="NumberingZone" DESCRIPTION="block type NumberingZone"/><OtherTag ID="BT1587" LABEL="MainZone" DESCRIPTION="block type MainZone"/><OtherTag ID="BT1588" LABEL="QuireMarksZone" DESCRIPTION="block type QuireMarksZone"/>
    <OtherTag ID="LT610" LABEL="DefaultLine" DESCRIPTION="line type DefaultLine"/><OtherTag ID="LT611" LABEL="InterlinearLine" DESCRIPTION="line type InterlinearLine"/><OtherTag ID="LT612" LABEL="HeadingLine" DESCRIPTION="line type HeadingLine"/>
  </Tags>
  
  <Layout>
    <Page WIDTH="1253"
          HEIGHT="2199"
          PHYSICAL_IMG_NR="2"
          ID="eSc_dummypage_">
      <PrintSpace HPOS="0"
                  VPOS="0"
                  WIDTH="1253"
                  HEIGHT="2199">
        
        <TextBlock HPOS="0"
                   VPOS="2"
                   WIDTH="63"
                   HEIGHT="49"
                   ID="eSc_textblock_cdcc84f5"
                   TAGREFS="BT1586">
          <Shape><Polygon POINTS="63 51 63 2 0 2 0 51"/></Shape>
          
          
          <TextLine ID="eSc_line_3ffd5368"
                    TAGREFS="LT610"
                    BASELINE="2 35 51 29" 
                    HPOS="1"
                    VPOS="3"
                    WIDTH="48"
                    HEIGHT="40">
            <Shape><Polygon POINTS="4 5 1 34 1 43 49 38 49 27 44 3 36 3"/></Shape>
	    <String CONTENT="90"
                    HPOS="1"
                    VPOS="3"
                    WIDTH="48"
                    HEIGHT="40"></String>
          </TextLine>

          
        </TextBlock>
        
        <TextBlock HPOS="22"
                   VPOS="24"
                   WIDTH="1214"
                   HEIGHT="1181"
                   ID="eSc_textblock_5c641056"
                   TAGREFS="BT1587">
          <Shape><Polygon POINTS="22 1205 25 93 162 24 1236 24 1236 1205"/></Shape>
          
          
          <TextLine ID="r3l1"
                    TAGREFS="LT610"
                    BASELINE="199 82 249 82 300 82 351 82 401 82 452 83 503 83 553 83 604 84 655 84 706 85 756 85 807 85 858 86 908 86 959 86 1010 86 1060 86 1111 86 1162 85 1213 85" 
                    HPOS="196"
                    VPOS="25"
                    WIDTH="1016"
                    HEIGHT="90">
            <Shape><Polygon POINTS="1043 25 1042 25 1012 34 994 42 948 42 941 34 935 29 933 29 931 29 930 29 928 29 904 34 884 40 748 40 746 36 739 31 739 29 737 29 735 29 733 29 731 29 709 36 700 25 698 25 691 25 673 25 654 25 636 25 631 25 603 36 599 38 596 36 566 25 563 25 544 25 526 25 508 25 489 25 471 25 453 25 447 25 432 38 431 40 385 40 383 38 361 25 344 25 326 25 308 25 291 25 282 34 271 25 269 25 267 25 266 25 264 25 262 25 243 38 243 40 198 40 198 80 196 91 269 102 271 102 273 102 304 93 319 106 319 108 321 108 322 108 324 108 429 100 476 111 478 111 480 111 596 93 598 93 609 102 610 102 612 102 614 102 616 102 640 93 642 93 686 111 687 111 689 111 691 111 693 111 722 95 776 95 831 113 832 113 834 115 897 115 897 113 898 113 946 95 970 111 972 111 974 111 975 111 1047 97 1067 113 1069 113 1071 113 1073 115 1137 115 1137 113 1139 113 1141 113 1141 111 1159 95 1210 95 1212 84 1210 34 1045 25 1043 25"/></Shape>
	    <String CONTENT="et j’écrirai dessus les paroles; qui étoient sur"
                    HPOS="196"
                    VPOS="25"
                    WIDTH="1016"
                    HEIGHT="90"></String>
          </TextLine>

          
          
          <TextLine ID="r3l2"
                    TAGREFS="LT610"
                    BASELINE="32 151 245 146 296 146 346 146 397 146 448 146 498 146 549 146 600 145 650 145 701 145 752 145 802 145 853 145 904 145 954 145 1005 145 1056 145 1106 145 1157 146 1208 146" 
                    HPOS="29"
                    VPOS="86"
                    WIDTH="1178"
                    HEIGHT="88">
            <Shape><Polygon POINTS="1190 86 1188 86 1186 86 1185 86 1183 86 1164 102 1161 106 1082 106 1078 102 1060 87 1058 87 1056 87 1054 87 1053 87 1010 104 997 95 996 95 994 95 992 95 990 95 966 102 941 89 939 89 937 89 935 89 933 89 913 106 908 109 829 109 825 106 799 89 798 89 796 89 794 89 748 98 702 91 700 91 698 91 673 104 618 91 616 91 614 91 566 108 535 97 533 97 532 97 530 97 528 97 528 98 515 109 513 111 495 109 374 98 372 98 370 98 330 111 321 115 317 113 299 97 297 97 295 97 187 97 185 97 183 97 181 97 155 115 150 119 75 119 71 115 49 100 47 100 45 100 44 100 42 100 40 100 40 102 29 111 31 150 31 161 245 161 322 174 324 174 381 161 409 172 410 172 412 172 587 155 623 153 693 153 695 155 709 166 709 168 711 168 713 168 715 170 746 170 746 168 814 153 827 152 838 153 906 166 908 166 909 166 952 152 953 152 955 152 977 164 979 164 981 164 983 164 985 164 1001 153 1036 164 1038 164 1040 164 1185 163 1186 163 1188 163 1207 150 1207 144 1205 98 1192 87 1192 86 1190 86"/></Shape>
	    <String CONTENT="2 celles, que vous avés rompües. + Soyés prêt"
                    HPOS="29"
                    VPOS="86"
                    WIDTH="1178"
                    HEIGHT="88"></String>
          </TextLine>

          
          
          <TextLine ID="r3l3"
                    TAGREFS="LT610"
                    BASELINE="196 209 246 209 297 209 348 209 399 209 450 209 500 208 551 207 602 207 653 206 704 205 754 204 805 204 856 203 907 203 958 203 1008 203 1059 204 1110 205 1161 206 1227 214" 
                    HPOS="192"
                    VPOS="153"
                    WIDTH="1033"
                    HEIGHT="74">
            <Shape><Polygon POINTS="194 208 192 218 561 225 563 225 590 221 640 214 676 221 693 225 695 225 715 221 763 214 816 223 843 227 845 227 869 223 915 216 977 223 990 225 992 225 994 225 997 225 1023 216 1185 216 1219 225 1225 212 1225 172 1122 155 1120 155 1119 155 1117 155 1104 164 1095 155 1093 155 1091 155 897 153 895 153 832 164 788 155 787 155 785 155 739 168 719 155 717 155 715 155 713 155 636 168 631 168 443 168 443 166 418 155 416 155 414 155 412 155 410 155 396 166 394 168 313 168 311 166 286 153 284 153 282 153 280 153 258 166 256 166 232 155 231 155 229 155 227 155 194 164 194 208"/></Shape>
	    <String CONTENT="des le matin pour monter aussitôt sur la mon¬"
                    HPOS="192"
                    VPOS="153"
                    WIDTH="1033"
                    HEIGHT="74"></String>
          </TextLine>

          
          
          <TextLine ID="r3l4"
                    TAGREFS="LT610"
                    BASELINE="197 267 248 269 299 269 350 269 402 269 453 268 504 267 556 266 607 265 658 264 710 263 761 262 812 261 863 260 915 260 966 260 1017 261 1069 262 1120 264 1171 266 1238 273" 
                    HPOS="194"
                    VPOS="208"
                    WIDTH="1042"
                    HEIGHT="79">
            <Shape><Polygon POINTS="196 265 194 282 383 285 385 285 387 285 392 284 412 273 420 284 421 284 421 285 423 285 425 285 427 285 465 284 557 276 570 284 576 287 577 287 579 287 581 287 583 287 585 287 590 284 599 276 614 284 616 284 618 284 620 284 623 284 671 273 731 284 744 285 746 285 748 285 752 284 770 274 1232 284 1236 271 1225 229 1194 219 1192 219 1108 216 1106 216 1104 216 1102 216 1087 227 1069 212 1067 212 1065 212 1064 212 1014 219 953 210 952 210 862 212 860 212 858 212 858 214 842 229 842 230 818 230 816 229 796 212 794 212 792 212 790 212 741 223 693 208 691 208 643 208 642 208 640 208 599 227 599 229 478 229 478 227 467 218 467 216 465 216 464 216 462 216 460 216 458 216 442 227 440 227 436 227 387 216 385 216 282 225 277 225 275 225 227 212 225 212 223 212 221 212 196 223 196 265"/></Shape>
	    <String CONTENT="tagne de Sinai, et vous demeurerés avec moi"
                    HPOS="194"
                    VPOS="208"
                    WIDTH="1042"
                    HEIGHT="79"></String>
          </TextLine>

          
          
          <TextLine ID="r3l5"
                    TAGREFS="LT610"
                    BASELINE="32 338 244 331 295 333 347 333 398 334 449 333 501 333 552 331 603 330 655 329 706 328 757 327 809 326 860 325 911 324 963 324 1014 325 1065 325 1117 327 1168 330 1220 333" 
                    HPOS="29"
                    VPOS="269"
                    WIDTH="1190"
                    HEIGHT="95">
            <Shape><Polygon POINTS="31 350 154 350 161 351 192 364 194 364 196 364 198 364 199 364 214 351 221 348 266 351 335 359 337 359 383 351 429 344 440 351 451 361 453 361 454 361 456 361 563 351 691 340 757 351 783 355 785 355 787 355 796 351 818 340 856 350 858 350 860 350 862 350 897 339 926 351 931 353 933 353 935 355 983 355 983 353 985 353 986 353 988 351 1005 339 1034 351 1036 351 1038 351 1040 351 1218 350 1219 331 1218 282 1126 271 1124 271 975 284 974 284 933 269 931 269 930 269 805 284 772 271 770 271 768 271 664 287 601 274 599 274 533 289 506 274 504 274 502 274 29 296 31 337"/></Shape>
	    <String CONTENT="3 sur le haut de cette montagne, + que personne"
                    HPOS="29"
                    VPOS="269"
                    WIDTH="1190"
                    HEIGHT="95"></String>
          </TextLine>

          
          
          <TextLine ID="r3l6"
                    TAGREFS="LT610"
                    BASELINE="199 393 249 395 299 396 349 397 399 397 449 397 499 397 549 396 599 395 649 393 699 392 749 391 799 389 849 388 899 387 949 387 999 386 1049 387 1099 387 1149 388 1199 390" 
                    HPOS="196"
                    VPOS="342"
                    WIDTH="1001"
                    HEIGHT="68">
            <Shape><Polygon POINTS="198 392 198 410 1196 408 1197 388 1188 342 1181 351 924 346 781 342 779 342 777 342 776 342 770 348 763 351 739 348 708 342 706 342 632 344 631 344 629 344 629 346 625 350 620 353 579 350 522 344 521 344 453 351 427 353 418 351 394 344 392 344 390 344 388 344 366 351 361 355 196 355 198 392"/></Shape>
	    <String CONTENT="ne monte avec vous, et qu’on ne voye qui que"
                    HPOS="196"
                    VPOS="342"
                    WIDTH="1001"
                    HEIGHT="68"></String>
          </TextLine>

          
          
          <TextLine ID="r3l7"
                    TAGREFS="LT610"
                    BASELINE="202 458 252 458 302 457 352 457 402 456 452 456 502 455 552 454 602 453 652 452 702 451 752 450 802 449 852 448 902 447 952 447 1002 447 1052 447 1102 447 1152 447 1202 449" 
                    HPOS="199"
                    VPOS="395"
                    WIDTH="1002"
                    HEIGHT="88">
            <Shape><Polygon POINTS="201 456 201 469 231 481 232 481 234 481 308 469 315 467 317 469 332 480 332 481 333 481 335 481 337 483 394 483 394 481 396 481 398 481 420 467 423 465 434 467 482 476 484 476 486 476 521 465 526 465 543 465 660 474 662 474 711 467 754 478 755 478 757 478 759 478 796 463 799 461 801 463 816 474 818 474 820 474 821 474 823 474 840 467 886 478 887 478 889 478 891 478 893 478 917 461 919 459 1027 459 1031 459 1054 476 1056 476 1058 476 1060 476 1062 476 1089 465 1131 476 1133 476 1135 476 1137 476 1139 476 1139 474 1153 459 1199 458 1201 448 1199 408 1102 395 1100 395 1098 395 1097 395 1078 406 851 397 849 397 777 408 693 401 691 401 689 401 687 401 678 410 676 410 675 410 590 399 588 399 587 399 555 410 537 399 535 399 533 399 473 399 471 399 469 399 431 412 429 412 416 401 414 401 412 401 410 401 339 412 335 412 332 412 284 401 282 401 280 401 278 401 264 412 262 414 199 414 201 456"/></Shape>
	    <String CONTENT="ce soit sur toute la montagne; qu’on ne fasse"
                    HPOS="199"
                    VPOS="395"
                    WIDTH="1002"
                    HEIGHT="88"></String>
          </TextLine>

          
          
          <TextLine ID="r3l8"
                    TAGREFS="LT610"
                    BASELINE="200 517 250 517 300 517 351 517 401 516 452 515 502 515 553 514 603 513 654 511 704 510 754 509 805 508 855 507 906 507 956 507 1007 507 1057 507 1108 508 1158 510 1215 513" 
                    HPOS="199"
                    VPOS="458"
                    WIDTH="1015"
                    HEIGHT="77">
            <Shape><Polygon POINTS="199 535 273 524 284 533 286 533 288 533 289 535 306 535 484 535 484 533 519 531 614 522 720 527 807 531 809 531 865 525 909 520 974 524 1098 529 1100 529 1102 529 1104 529 1117 520 1119 520 1142 529 1144 529 1146 529 1212 518 1214 511 1212 470 1177 461 1175 461 1174 461 1172 461 1170 461 1159 470 1148 470 1016 470 1005 459 1005 458 1003 458 1001 458 922 458 920 458 919 458 917 458 917 459 906 469 902 472 799 472 796 469 783 459 781 459 779 459 777 459 776 459 755 469 746 472 733 469 706 459 704 459 623 459 621 459 620 459 598 467 583 472 577 467 570 461 570 459 568 459 566 459 565 459 504 461 502 461 500 461 500 463 495 467 486 474 443 467 432 465 431 465 416 465 337 474 300 465 284 461 282 461 280 461 278 461 267 465 238 474 199 465 199 516 199 535"/></Shape>
	    <String CONTENT="pas même paître ni bœufs, ni brebis vis à vis."
                    HPOS="199"
                    VPOS="458"
                    WIDTH="1015"
                    HEIGHT="77"></String>
          </TextLine>

          
          
          <TextLine ID="r3l9"
                    TAGREFS="LT610"
                    BASELINE="19 580 229 576 280 575 332 574 383 574 435 573 486 572 538 571 589 570 641 569 692 568 743 567 795 566 846 565 898 565 949 565 1001 565 1052 565 1104 566 1155 566 1207 568" 
                    HPOS="16"
                    VPOS="516"
                    WIDTH="1189"
                    HEIGHT="83">
            <Shape><Polygon POINTS="18 579 18 591 170 588 225 593 291 599 293 599 295 599 321 591 343 586 398 591 440 595 442 595 489 591 570 582 621 590 649 593 651 593 671 590 709 580 790 588 829 591 831 591 832 591 849 588 873 582 911 588 933 590 935 590 937 590 944 588 966 579 988 586 992 588 994 588 996 588 1205 584 1205 566 1201 525 961 527 946 525 884 516 882 516 880 516 847 525 843 527 840 525 814 516 812 516 810 516 759 527 752 527 730 527 577 518 576 518 574 518 572 518 557 527 554 529 546 527 515 520 513 520 511 520 510 520 487 527 473 533 451 527 421 522 420 522 418 522 401 529 396 531 392 529 383 522 381 522 379 522 377 522 207 524 205 524 183 529 148 538 16 531 18 579"/></Shape>
	    <String CONTENT="4 + Moyse donc tailla deux tables de pierre, comme"
                    HPOS="16"
                    VPOS="516"
                    WIDTH="1189"
                    HEIGHT="83"></String>
          </TextLine>

          
          
          <TextLine ID="r3l10"
                    TAGREFS="LT610"
                    BASELINE="191 642 242 642 293 641 344 640 395 639 446 638 497 637 548 636 599 634 650 633 701 632 752 631 803 630 854 629 905 629 956 628 1007 629 1058 629 1109 630 1160 631 1222 636" 
                    HPOS="188"
                    VPOS="575"
                    WIDTH="1033"
                    HEIGHT="82">
            <Shape><Polygon POINTS="190 641 190 654 629 657 631 657 632 657 653 650 667 645 680 650 691 654 693 654 695 654 810 648 886 645 906 646 964 656 966 656 968 656 970 656 981 646 985 646 1056 654 1058 654 1060 654 1062 654 1071 645 1075 643 1219 643 1221 635 1219 593 1157 593 1142 579 1142 577 1141 577 1139 577 1095 575 1093 575 1091 575 1089 575 1067 590 1047 577 1045 577 1043 577 997 577 996 577 994 577 992 577 974 593 972 593 935 579 933 579 931 579 930 579 895 590 858 577 856 577 854 577 853 577 816 591 801 579 801 577 799 577 798 577 796 577 735 588 704 577 702 577 700 577 698 577 697 577 671 593 632 577 631 577 629 577 539 593 528 597 465 597 462 593 432 579 431 579 429 579 396 580 394 580 392 580 392 582 379 593 377 597 240 597 238 595 225 584 223 584 221 584 220 584 218 584 188 593 190 641"/></Shape>
	    <String CONTENT="les premieres, et se levant de bon matin, il mon¬"
                    HPOS="188"
                    VPOS="575"
                    WIDTH="1033"
                    HEIGHT="82"></String>
          </TextLine>

          
          
          <TextLine ID="r3l11"
                    TAGREFS="LT610"
                    BASELINE="188 696 238 697 289 697 339 697 390 696 441 696 491 696 542 695 593 695 643 694 694 693 745 693 795 692 846 692 897 691 947 691 998 691 1049 691 1099 691 1150 692 1219 696" 
                    HPOS="185"
                    VPOS="643"
                    WIDTH="1033"
                    HEIGHT="77">
            <Shape><Polygon POINTS="187 694 185 712 306 718 308 718 310 718 326 712 339 707 344 712 350 716 350 718 352 718 354 718 355 720 579 720 579 718 616 711 632 707 645 711 675 718 676 718 678 718 680 718 682 718 691 711 695 707 748 707 772 709 843 718 845 718 847 718 849 718 862 709 864 707 873 709 911 716 913 716 1051 707 1064 707 1065 707 1076 718 1078 718 1080 718 1082 720 1130 720 1130 718 1216 705 1218 694 1216 656 1119 656 1119 654 1108 645 1108 643 1106 643 1104 643 990 643 988 643 986 643 963 652 959 656 790 656 783 650 772 643 770 643 768 643 717 643 715 643 713 643 711 643 711 645 704 650 702 654 695 650 676 643 675 643 673 643 598 648 539 654 187 646 187 694"/></Shape>
	    <String CONTENT="ta sur la montagne de Sinai, comme le Seigneur"
                    HPOS="185"
                    VPOS="643"
                    WIDTH="1033"
                    HEIGHT="77"></String>
          </TextLine>

          
          
          <TextLine ID="r3l12"
                    TAGREFS="LT610"
                    BASELINE="191 754 241 754 291 754 341 755 391 755 441 755 491 754 542 754 592 754 642 753 692 753 742 752 792 752 842 752 893 751 943 751 993 751 1043 751 1093 751 1143 751 1194 751" 
                    HPOS="188"
                    VPOS="701"
                    WIDTH="1004"
                    HEIGHT="75">
            <Shape><Polygon POINTS="190 753 190 767 658 776 660 776 728 765 739 765 752 765 836 775 838 775 1190 764 1192 749 1188 701 1126 714 1034 714 1021 703 1020 703 1018 703 1016 703 1014 703 1012 703 981 712 961 705 957 703 955 703 953 703 941 705 887 712 858 705 836 701 834 701 779 707 744 711 726 709 686 701 684 701 682 701 662 709 647 714 557 711 388 703 387 703 332 714 330 714 311 703 310 703 308 703 306 703 304 703 280 714 269 703 267 703 266 703 264 703 262 703 236 714 207 703 205 703 203 703 201 703 199 703 188 711 190 753"/></Shape>
	    <String CONTENT="le lui avoit commandé, et il portoit avec lui"
                    HPOS="188"
                    VPOS="701"
                    WIDTH="1004"
                    HEIGHT="75"></String>
          </TextLine>

          
          
          <TextLine ID="r3l13"
                    TAGREFS="LT610"
                    BASELINE="19 817 239 817 290 816 340 816 391 816 441 815 492 815 542 814 593 814 643 813 694 812 744 812 795 811 845 810 896 810 946 809 997 808 1047 808 1098 807 1148 806 1199 805" 
                    HPOS="16"
                    VPOS="758"
                    WIDTH="1181"
                    HEIGHT="81">
            <Shape><Polygon POINTS="18 815 18 826 300 839 302 839 429 837 431 837 432 837 432 835 440 830 443 824 453 830 465 835 467 835 596 837 598 837 599 837 612 830 625 824 640 830 656 837 658 837 660 837 662 837 675 831 689 822 709 831 720 835 722 835 724 837 831 837 831 835 832 835 845 831 869 824 878 831 882 835 884 835 886 835 887 837 952 837 952 835 970 831 1027 820 1043 833 1045 833 1047 833 1049 833 1054 833 1093 824 1137 833 1141 833 1142 833 1144 833 1146 833 1166 820 1194 833 1197 804 1196 758 1054 758 1053 758 1051 758 1047 760 1027 769 994 760 983 758 981 758 979 758 977 758 975 758 974 760 959 771 941 762 937 760 935 760 933 760 931 760 930 760 928 762 908 775 865 765 864 765 801 775 752 764 728 760 726 760 724 760 715 765 700 773 682 765 671 762 669 762 667 762 665 762 654 765 629 776 592 767 572 762 570 762 568 762 566 762 548 767 537 771 532 767 519 762 517 762 515 762 513 762 511 762 504 769 493 776 480 769 467 762 465 762 464 762 462 762 436 769 410 776 387 771 355 762 354 762 352 762 350 762 311 771 304 773 299 771 280 765 278 765 277 765 275 765 273 765 273 767 266 773 260 778 245 773 223 764 221 764 220 764 218 764 216 764 201 773 192 780 60 780 56 775 45 767 45 765 44 765 42 765 40 765 38 765 16 775 18 815"/></Shape>
	    <String CONTENT="5 les tables. + Alors le Seigneur étant descendu"
                    HPOS="16"
                    VPOS="758"
                    WIDTH="1181"
                    HEIGHT="81"></String>
          </TextLine>

          
          
          <TextLine ID="r3l14"
                    TAGREFS="LT610"
                    BASELINE="191 874 241 875 291 877 341 878 391 878 441 878 491 878 541 878 591 877 641 876 692 875 742 874 792 873 842 872 892 872 942 871 992 871 1042 870 1092 871 1142 871 1220 878" 
                    HPOS="188"
                    VPOS="817"
                    WIDTH="1031"
                    HEIGHT="95">
            <Shape><Polygon POINTS="190 872 188 907 335 907 335 905 344 903 387 894 399 903 405 908 407 908 409 908 616 910 618 910 620 910 621 910 636 899 649 890 676 897 678 897 680 897 744 888 757 897 763 903 765 903 766 903 768 903 770 903 781 897 799 888 853 888 867 896 900 912 902 912 904 912 906 912 908 912 933 896 942 890 1021 890 1027 894 1058 908 1060 908 1062 908 1064 908 1111 892 1115 892 1218 892 1219 877 1218 837 1018 820 1016 820 851 830 814 820 812 820 810 820 748 831 724 819 722 819 720 819 665 828 559 819 557 819 491 830 487 830 486 830 456 817 454 817 453 817 390 828 324 819 322 819 321 819 299 828 297 828 190 828 190 872"/></Shape>
	    <String CONTENT="par la nüée, Moyse demeura avec lui invo¬"
                    HPOS="188"
                    VPOS="817"
                    WIDTH="1031"
                    HEIGHT="95"></String>
          </TextLine>

          
          
          <TextLine ID="r3l15"
                    TAGREFS="LT610"
                    BASELINE="28 929 242 940 292 940 341 939 391 939 440 938 490 938 539 938 589 937 638 937 688 937 737 936 787 936 836 936 886 935 935 935 985 934 1034 934 1084 933 1133 932 1200 934" 
                    HPOS="27"
                    VPOS="872"
                    WIDTH="1172"
                    HEIGHT="112">
            <Shape><Polygon POINTS="27 927 27 945 124 941 135 947 161 962 163 962 245 963 247 963 249 963 251 963 266 954 388 967 390 967 392 967 438 952 449 949 453 952 469 967 471 967 473 967 475 967 528 960 543 971 544 971 546 971 548 971 550 971 594 960 651 969 653 969 654 969 656 969 673 956 675 954 680 956 708 965 709 965 711 965 798 958 807 958 809 958 843 976 845 976 847 976 849 976 887 960 1025 960 1025 962 1043 980 1043 982 1045 982 1047 982 1049 982 1108 974 1119 984 1120 984 1122 984 1124 984 1126 984 1197 963 1199 932 1199 896 1031 892 1029 892 1027 892 1025 892 997 908 953 892 952 892 950 892 882 903 821 888 820 888 818 888 816 888 814 888 790 907 765 886 763 886 761 886 676 885 675 885 673 885 671 885 671 886 658 899 634 890 632 890 631 890 544 905 416 901 396 883 396 881 394 881 392 881 390 881 306 899 93 896 69 874 69 872 67 872 66 872 27 872 27 927"/></Shape>
	    <String CONTENT="6 quant son nom, + Et le Seigneur passant"
                    HPOS="27"
                    VPOS="872"
                    WIDTH="1172"
                    HEIGHT="112"></String>
          </TextLine>

          
          
          <TextLine ID="r3l16"
                    TAGREFS="LT610"
                    BASELINE="202 999 252 999 303 999 353 999 404 998 455 997 505 997 556 996 606 995 657 995 708 994 758 993 809 992 859 992 910 992 961 992 1011 992 1062 992 1112 993 1163 994 1220 999" 
                    HPOS="199"
                    VPOS="943"
                    WIDTH="1020"
                    HEIGHT="77">
            <Shape><Polygon POINTS="201 998 199 1011 350 1004 366 1013 377 1018 379 1018 381 1020 480 1020 480 1018 482 1018 500 1011 522 1004 601 1004 612 1011 621 1018 623 1018 625 1018 627 1020 664 1020 664 1018 665 1018 682 1011 689 1006 805 1004 814 1009 823 1017 825 1017 827 1017 829 1017 831 1017 832 1017 842 1009 847 1006 851 1009 865 1018 867 1018 869 1018 871 1020 919 1020 919 1018 920 1018 944 1009 957 1004 981 1007 1009 1013 1010 1013 1058 1007 1093 1004 1106 1007 1142 1018 1144 1018 1146 1018 1218 1006 1219 998 1218 962 1188 962 1168 943 1166 943 1164 943 1113 943 1111 943 1109 943 1108 943 1108 945 1091 960 990 949 988 949 941 956 926 945 926 943 924 943 922 943 920 943 919 943 864 960 763 943 761 943 698 956 671 943 669 943 667 943 521 960 498 945 497 945 495 945 493 945 491 945 489 945 469 958 418 943 416 943 414 943 412 943 410 943 385 960 359 949 357 949 355 949 354 949 332 960 225 951 223 951 221 951 201 960 201 998"/></Shape>
	    <String CONTENT="devant Moyse, Moyse dit au Seigneur: 3 Domi¬"
                    HPOS="199"
                    VPOS="943"
                    WIDTH="1020"
                    HEIGHT="77"></String>
          </TextLine>

          
          
          <TextLine ID="r3l17"
                    TAGREFS="LT610"
                    BASELINE="200 1055 250 1055 300 1054 351 1054 401 1053 452 1053 502 1052 552 1051 603 1051 653 1050 704 1050 754 1049 804 1049 855 1049 905 1049 956 1049 1006 1050 1056 1050 1107 1051 1157 1053 1219 1064" 
                    HPOS="198"
                    VPOS="996"
                    WIDTH="1020"
                    HEIGHT="83">
            <Shape><Polygon POINTS="199 1053 198 1068 491 1075 493 1075 510 1072 565 1059 601 1073 612 1077 614 1077 616 1077 636 1073 697 1061 711 1073 713 1075 713 1077 715 1077 717 1077 746 1079 748 1079 750 1079 752 1079 757 1075 776 1062 851 1062 865 1075 867 1077 867 1079 869 1079 871 1079 873 1079 875 1079 886 1077 930 1064 1095 1064 1109 1075 1111 1075 1113 1075 1115 1075 1117 1075 1150 1066 1214 1079 1218 1062 1218 1013 930 1002 928 1002 882 1011 869 1000 867 1000 865 1000 864 1000 821 1009 785 1000 783 1000 781 1000 779 1000 777 1000 777 1002 766 1011 763 1017 636 1017 627 1011 594 996 592 996 590 996 588 996 539 1011 530 1015 440 1015 432 1011 414 1000 412 1000 410 1000 409 1000 388 1011 199 1011 199 1053"/></Shape>
	    <String CONTENT="nateur, Seigneur, Dieu misericordieux, clement,"
                    HPOS="198"
                    VPOS="996"
                    WIDTH="1020"
                    HEIGHT="83"></String>
          </TextLine>

          
          
          <TextLine ID="r3l18"
                    TAGREFS="LT610"
                    BASELINE="200 1118 248 1117 297 1116 346 1116 394 1115 443 1114 492 1113 540 1112 589 1111 638 1111 687 1110 735 1109 784 1109 833 1108 881 1108 930 1108 979 1108 1027 1109 1076 1109 1125 1110 1207 1119" 
                    HPOS="198"
                    VPOS="1053"
                    WIDTH="1007"
                    HEIGHT="81">
            <Shape><Polygon POINTS="291 1055 280 1055 199 1066 199 1117 198 1126 594 1121 614 1125 649 1132 651 1132 653 1132 654 1132 654 1130 662 1125 664 1121 671 1125 684 1130 686 1130 687 1130 689 1130 691 1130 691 1128 697 1125 702 1119 849 1119 854 1123 862 1128 864 1128 865 1128 867 1128 869 1128 871 1128 880 1123 886 1119 891 1123 906 1128 908 1128 909 1128 1150 1121 1179 1134 1181 1134 1183 1134 1185 1134 1186 1134 1203 1119 1205 1117 1203 1070 1106 1057 1104 1057 1102 1057 1100 1057 1100 1059 1089 1068 1086 1072 1075 1068 1038 1059 1036 1059 1034 1059 1032 1059 1001 1068 992 1072 981 1068 950 1057 948 1057 946 1057 944 1057 900 1068 886 1072 860 1068 766 1055 765 1055 763 1055 761 1055 761 1057 748 1068 748 1070 715 1070 709 1068 691 1055 689 1055 687 1055 686 1055 684 1055 649 1068 647 1068 642 1068 519 1053 517 1053 447 1068 442 1068 436 1068 374 1057 372 1057 370 1057 335 1068 332 1068 330 1068 300 1055 291 1055"/></Shape>
	    <String CONTENT="patient, plein de misericorde, et veritable,"
                    HPOS="198"
                    VPOS="1053"
                    WIDTH="1007"
                    HEIGHT="81"></String>
          </TextLine>

          
          
          <TextLine ID="r3l19"
                    TAGREFS="LT610"
                    BASELINE="43 1173 256 1177 305 1177 354 1178 403 1178 452 1177 501 1176 550 1176 599 1174 648 1173 698 1172 747 1171 796 1170 845 1170 894 1169 943 1169 992 1170 1041 1170 1090 1172 1139 1174 1189 1177" 
                    HPOS="42"
                    VPOS="1114"
                    WIDTH="1146"
                    HEIGHT="89">
            <Shape><Polygon POINTS="438 1114 436 1114 434 1114 432 1114 405 1126 374 1141 308 1141 280 1126 262 1117 262 1117 243 1117 227 1126 201 1139 80 1139 67 1126 62 1123 62 1121 60 1121 58 1121 56 1121 55 1121 42 1125 42 1172 42 1183 236 1180 245 1187 253 1194 253 1196 255 1196 256 1196 258 1196 480 1192 559 1191 563 1192 568 1198 568 1200 570 1200 572 1200 574 1202 698 1202 698 1200 700 1200 702 1200 702 1198 706 1196 722 1181 772 1192 774 1192 858 1183 882 1198 886 1202 887 1202 889 1202 891 1203 948 1203 948 1202 950 1202 955 1200 988 1185 1142 1185 1183 1203 1188 1176 1188 1128 1157 1123 1155 1123 1153 1123 1152 1123 1146 1128 1135 1136 1122 1128 1106 1117 1104 1117 1102 1117 959 1115 957 1115 955 1115 953 1115 953 1117 941 1126 933 1136 882 1141 865 1126 854 1117 854 1115 853 1115 851 1115 730 1114 728 1114 726 1114 724 1114 709 1126 698 1137 588 1143 577 1134 577 1132 576 1132 574 1132 572 1132 475 1141 454 1126 440 1114 438 1114"/></Shape>
	    <String CONTENT="7 + 4 qui étendés vôtre misericorde jusqu’à mille"
                    HPOS="42"
                    VPOS="1114"
                    WIDTH="1146"
                    HEIGHT="89"></String>
          </TextLine>

          
        </TextBlock>
        
        <TextBlock HPOS="132"
                   VPOS="1218"
                   WIDTH="1079"
                   HEIGHT="945"
                   ID="eSc_textblock_a907a629"
                   TAGREFS="BT1585">
          <Shape><Polygon POINTS="132 2163 132 1218 1211 1218 1211 2163"/></Shape>
          
          
          <TextLine ID="r3l20"
                    TAGREFS="LT610"
                    BASELINE="191 1264 241 1263 291 1261 341 1260 391 1259 441 1258 491 1258 542 1257 592 1257 642 1256 692 1256 742 1256 792 1256 842 1256 893 1257 943 1257 993 1258 1043 1259 1093 1260 1143 1261 1205 1267" 
                    HPOS="188"
                    VPOS="1220"
                    WIDTH="1015"
                    HEIGHT="62">
            <Shape><Polygon POINTS="190 1262 188 1277 286 1268 297 1277 297 1279 299 1279 300 1279 302 1279 304 1279 306 1279 317 1269 425 1280 438 1280 440 1280 445 1280 495 1269 812 1269 924 1280 944 1282 946 1282 1201 1280 1203 1266 1201 1220 190 1220 190 1262"/></Shape>
	    <String CONTENT="V. V 1 Il y a dans l’Ebreu il nomma le om du Seig¬"
                    HPOS="188"
                    VPOS="1220"
                    WIDTH="1015"
                    HEIGHT="62"></String>
          </TextLine>

          
          
          <TextLine ID="r3l21"
                    TAGREFS="LT610"
                    BASELINE="151 1312 203 1312 255 1311 307 1310 359 1310 411 1310 463 1309 516 1309 568 1309 620 1309 672 1309 724 1310 776 1310 828 1311 881 1311 933 1312 985 1313 1037 1314 1089 1316 1141 1317 1194 1319" 
                    HPOS="148"
                    VPOS="1260"
                    WIDTH="1044"
                    HEIGHT="81">
            <Shape><Polygon POINTS="352 1260 350 1260 348 1260 346 1260 308 1273 306 1273 150 1273 150 1310 148 1334 311 1335 313 1335 315 1335 322 1334 365 1321 409 1332 427 1337 429 1337 431 1337 432 1337 445 1332 473 1323 515 1332 543 1337 544 1337 546 1337 548 1337 548 1335 554 1332 565 1323 631 1323 665 1330 698 1339 700 1339 702 1339 741 1330 768 1324 814 1330 889 1339 891 1339 893 1339 919 1330 931 1324 970 1328 1069 1341 1071 1341 1190 1326 1192 1317 1190 1280 1062 1280 1062 1279 1053 1271 1053 1269 1051 1269 1049 1269 1047 1269 955 1277 922 1264 920 1264 801 1264 799 1264 798 1264 779 1273 761 1264 759 1264 757 1264 755 1264 754 1264 739 1277 737 1279 704 1279 700 1277 675 1262 673 1262 671 1262 605 1271 592 1262 590 1262 588 1262 511 1262 510 1262 508 1262 482 1275 467 1264 465 1264 464 1264 462 1264 365 1271 354 1262 354 1260 352 1260"/></Shape>
	    <String CONTENT="neur, en sorte qu’il semble, que ce soit le Seigneur"
                    HPOS="148"
                    VPOS="1260"
                    WIDTH="1044"
                    HEIGHT="81"></String>
          </TextLine>

          
          
          <TextLine ID="r3l22"
                    TAGREFS="LT610"
                    BASELINE="165 1366 216 1366 268 1365 319 1365 371 1364 423 1364 474 1364 526 1363 578 1363 629 1363 681 1363 733 1363 784 1363 836 1363 888 1364 939 1364 991 1365 1043 1366 1094 1368 1146 1369 1212 1376" 
                    HPOS="161"
                    VPOS="1319"
                    WIDTH="1049"
                    HEIGHT="71">
            <Shape><Polygon POINTS="163 1365 161 1381 418 1383 420 1383 476 1372 585 1383 587 1383 588 1383 590 1383 607 1374 774 1374 785 1385 785 1387 787 1387 788 1387 843 1389 845 1389 851 1389 897 1378 933 1378 944 1387 944 1389 946 1389 948 1389 950 1389 952 1389 985 1378 1076 1387 1078 1387 1148 1379 1207 1390 1210 1374 1210 1337 1192 1324 1190 1324 1188 1324 1098 1324 1097 1324 1095 1324 1071 1337 999 1323 873 1323 871 1323 869 1323 867 1323 853 1335 840 1323 840 1321 838 1321 836 1321 834 1321 708 1328 555 1319 554 1319 552 1319 522 1332 515 1334 163 1326 163 1365"/></Shape>
	    <String CONTENT="lui même, qui cria le nom du Seigneur pour avertir"
                    HPOS="161"
                    VPOS="1319"
                    WIDTH="1049"
                    HEIGHT="71"></String>
          </TextLine>

          
          
          <TextLine ID="r3l23"
                    TAGREFS="LT610"
                    BASELINE="157 1422 208 1420 259 1419 310 1417 361 1416 412 1415 463 1415 515 1415 566 1415 617 1415 668 1415 719 1415 770 1416 821 1416 873 1417 924 1417 975 1418 1026 1418 1077 1418 1128 1419 1180 1419" 
                    HPOS="154"
                    VPOS="1372"
                    WIDTH="1025"
                    HEIGHT="62">
            <Shape><Polygon POINTS="155 1420 155 1433 1175 1434 1179 1418 1175 1383 1144 1383 1142 1381 1133 1374 1133 1372 1131 1372 1130 1372 1128 1372 1082 1381 1065 1387 1020 1387 1012 1381 997 1372 996 1372 994 1372 992 1372 990 1372 964 1381 953 1387 733 1387 715 1381 671 1372 502 1372 500 1372 498 1372 476 1381 465 1385 443 1381 416 1376 414 1376 339 1381 275 1385 267 1381 258 1372 256 1372 255 1372 253 1372 154 1379 155 1420"/></Shape>
	    <String CONTENT="Moyse, et non pas Moyse, qui invoqua le nom du"
                    HPOS="154"
                    VPOS="1372"
                    WIDTH="1025"
                    HEIGHT="62"></String>
          </TextLine>

          
          
          <TextLine ID="r3l24"
                    TAGREFS="LT610"
                    BASELINE="159 1476 210 1476 262 1476 314 1475 366 1475 417 1474 469 1473 521 1472 573 1472 624 1471 676 1470 728 1470 780 1469 831 1469 883 1469 935 1469 987 1470 1038 1471 1090 1473 1142 1475 1211 1483" 
                    HPOS="155"
                    VPOS="1418"
                    WIDTH="1055"
                    HEIGHT="79">
            <Shape><Polygon POINTS="196 1420 194 1420 192 1420 190 1420 157 1433 157 1475 155 1486 310 1491 311 1491 313 1491 326 1486 346 1478 354 1486 357 1489 357 1491 359 1491 361 1491 363 1491 440 1486 513 1482 519 1486 524 1491 524 1493 526 1493 528 1493 530 1495 629 1495 629 1493 631 1493 632 1493 640 1486 649 1480 715 1486 766 1491 768 1491 801 1486 834 1482 871 1486 946 1497 948 1497 950 1497 972 1486 979 1484 1207 1486 1210 1482 1210 1442 1163 1425 1161 1425 1159 1425 1007 1440 988 1425 988 1423 986 1423 985 1423 983 1423 908 1436 889 1423 887 1423 886 1423 884 1423 882 1423 880 1423 862 1438 843 1423 843 1422 842 1422 840 1422 798 1422 796 1422 794 1422 792 1422 792 1423 776 1436 733 1425 731 1425 730 1425 728 1425 726 1425 709 1438 704 1438 594 1436 561 1420 559 1420 557 1420 445 1434 420 1418 418 1418 416 1418 350 1418 348 1418 346 1418 289 1434 282 1434 216 1434 198 1420 196 1420"/></Shape>
	    <String CONTENT="Seigneur, comme il y a dans nôtre vulg. où S. Jero¬"
                    HPOS="155"
                    VPOS="1418"
                    WIDTH="1055"
                    HEIGHT="79"></String>
          </TextLine>

          
          
          <TextLine ID="r3l25"
                    TAGREFS="LT610"
                    BASELINE="165 1526 216 1526 268 1526 320 1526 372 1526 423 1526 475 1525 527 1525 579 1525 630 1524 682 1524 734 1524 786 1524 837 1524 889 1524 941 1524 993 1525 1044 1526 1096 1526 1148 1528 1200 1529" 
                    HPOS="161"
                    VPOS="1473"
                    WIDTH="1038"
                    HEIGHT="75">
            <Shape><Polygon POINTS="456 1473 379 1486 372 1486 370 1486 359 1475 346 1475 328 1475 315 1475 286 1486 282 1487 203 1487 201 1486 192 1476 181 1476 179 1476 163 1484 163 1524 161 1541 691 1537 724 1546 728 1546 730 1546 731 1548 1197 1548 1199 1528 1197 1484 997 1476 996 1476 963 1484 942 1487 926 1484 897 1475 895 1475 893 1475 832 1484 803 1487 774 1484 693 1473 691 1473 550 1484 526 1486 517 1484 458 1473 456 1473"/></Shape>
	    <String CONTENT="me a suivi ce dernier sens, qui n’est pas neanmoins"
                    HPOS="161"
                    VPOS="1473"
                    WIDTH="1038"
                    HEIGHT="75"></String>
          </TextLine>

          
          
          <TextLine ID="r3l26"
                    TAGREFS="LT610"
                    BASELINE="168 1578 218 1577 268 1575 319 1574 369 1573 420 1573 470 1572 521 1572 571 1572 622 1572 672 1573 722 1573 773 1573 823 1574 874 1574 924 1574 975 1575 1025 1575 1076 1576 1126 1576 1177 1576" 
                    HPOS="165"
                    VPOS="1528"
                    WIDTH="1010"
                    HEIGHT="71">
            <Shape><Polygon POINTS="166 1577 166 1594 282 1596 284 1596 286 1596 288 1596 288 1594 300 1586 355 1594 366 1596 368 1596 376 1594 416 1586 438 1594 445 1597 447 1597 449 1597 465 1594 510 1586 720 1586 741 1594 748 1597 750 1597 752 1599 814 1599 814 1597 816 1597 818 1597 821 1594 832 1586 876 1594 895 1597 897 1597 1174 1594 1175 1575 1174 1542 1020 1542 1018 1541 1007 1530 1007 1528 1005 1528 1003 1528 1001 1528 999 1528 957 1539 948 1541 939 1539 906 1531 904 1531 902 1531 884 1539 878 1541 873 1539 853 1528 851 1528 849 1528 847 1528 845 1528 845 1530 834 1537 831 1542 720 1542 711 1537 693 1528 691 1528 636 1528 634 1528 632 1528 616 1535 605 1541 598 1535 588 1528 587 1528 585 1528 546 1528 544 1528 543 1528 541 1528 532 1535 526 1541 517 1535 510 1528 508 1528 506 1528 504 1528 502 1528 482 1533 458 1541 434 1533 414 1528 412 1528 410 1528 409 1528 396 1533 379 1541 350 1533 332 1528 330 1528 299 1528 297 1528 295 1528 293 1528 293 1530 289 1531 280 1541 165 1531 166 1577"/></Shape>
	    <String CONTENT="éloigné tout à fait de l’Ebreu, qui est obscur en cet"
                    HPOS="165"
                    VPOS="1528"
                    WIDTH="1010"
                    HEIGHT="71"></String>
          </TextLine>

          
          
          <TextLine ID="r3l27"
                    TAGREFS="LT610"
                    BASELINE="175 1629 223 1627 272 1626 320 1625 369 1624 418 1623 466 1623 515 1622 563 1622 612 1622 661 1623 709 1623 758 1623 806 1624 855 1624 904 1625 952 1625 1001 1626 1049 1627 1098 1627 1168 1632" 
                    HPOS="172"
                    VPOS="1575"
                    WIDTH="994"
                    HEIGHT="77">
            <Shape><Polygon POINTS="216 1575 174 1586 174 1627 172 1645 293 1634 304 1643 306 1643 308 1643 310 1643 434 1638 445 1645 449 1649 451 1649 453 1649 454 1649 456 1649 467 1645 487 1638 521 1645 544 1649 546 1649 548 1649 561 1643 581 1636 700 1636 713 1643 730 1651 731 1651 733 1651 735 1651 737 1651 748 1641 761 1636 853 1636 931 1641 1111 1652 1113 1652 1115 1652 1164 1638 1166 1630 1166 1596 1119 1581 1117 1581 1115 1581 1113 1581 1111 1581 1098 1588 1091 1583 1091 1581 1089 1581 1087 1581 970 1581 968 1581 966 1581 964 1581 946 1594 917 1581 915 1581 913 1581 911 1581 887 1594 886 1594 763 1594 761 1592 735 1579 733 1579 731 1579 436 1590 401 1590 398 1590 381 1577 379 1577 377 1577 376 1577 374 1577 352 1588 348 1592 256 1592 251 1588 225 1575 216 1575"/></Shape>
	    <String CONTENT="obscur endroit, voyés le Chap. precedent vers. 19."
                    HPOS="172"
                    VPOS="1575"
                    WIDTH="994"
                    HEIGHT="77"></String>
          </TextLine>

          
          
          <TextLine ID="r3l28"
                    TAGREFS="LT610"
                    BASELINE="210 1677 259 1678 308 1678 358 1678 407 1678 457 1678 506 1679 556 1679 605 1679 655 1679 704 1679 753 1679 803 1680 852 1680 902 1681 951 1682 1001 1682 1050 1684 1100 1685 1149 1687 1199 1689" 
                    HPOS="207"
                    VPOS="1629"
                    WIDTH="990"
                    HEIGHT="84">
            <Shape><Polygon POINTS="209 1676 207 1691 456 1691 486 1698 502 1704 504 1704 506 1704 508 1704 517 1700 535 1691 568 1700 576 1702 577 1702 579 1702 598 1700 682 1693 695 1702 698 1706 698 1707 700 1707 702 1707 704 1709 821 1709 821 1707 823 1707 825 1707 827 1706 840 1696 856 1706 864 1709 865 1709 867 1709 869 1709 876 1706 897 1696 931 1707 939 1709 941 1709 942 1709 957 1707 1029 1696 1058 1709 1062 1711 1064 1711 1065 1713 1196 1713 1197 1687 1196 1640 1034 1647 1020 1640 1016 1636 1014 1636 1012 1636 1010 1636 1009 1636 997 1640 972 1645 908 1640 858 1634 856 1634 823 1640 792 1643 777 1640 765 1634 763 1634 761 1634 731 1640 702 1643 675 1640 636 1632 634 1632 572 1640 541 1641 436 1641 434 1640 427 1632 427 1630 425 1630 423 1630 421 1630 420 1630 418 1630 407 1640 394 1630 392 1630 390 1630 388 1630 343 1638 332 1629 330 1629 328 1629 326 1629 209 1638 209 1676"/></Shape>
	    <String CONTENT="V. VI 2 Cette interpretation suppose que c’est Moyse"
                    HPOS="207"
                    VPOS="1629"
                    WIDTH="990"
                    HEIGHT="84"></String>
          </TextLine>

          
          
          <TextLine ID="r3l29"
                    TAGREFS="LT610"
                    BASELINE="169 1729 219 1730 269 1730 320 1731 370 1732 421 1732 471 1733 522 1734 572 1735 623 1735 673 1736 723 1737 774 1738 824 1739 875 1739 925 1740 976 1741 1026 1742 1077 1742 1127 1743 1178 1743" 
                    HPOS="168"
                    VPOS="1684"
                    WIDTH="1009"
                    HEIGHT="78">
            <Shape><Polygon POINTS="168 1728 168 1753 201 1744 245 1753 247 1753 249 1753 275 1740 350 1755 359 1755 361 1755 370 1755 425 1744 449 1755 456 1757 458 1757 460 1757 462 1757 469 1755 500 1744 530 1755 541 1759 543 1759 544 1759 568 1755 614 1746 654 1755 665 1757 667 1757 682 1755 724 1748 746 1755 761 1761 763 1761 765 1761 798 1755 820 1751 825 1755 836 1762 838 1762 840 1762 842 1762 843 1762 865 1755 880 1751 893 1755 911 1761 913 1761 915 1761 957 1755 994 1751 1174 1755 1177 1742 1175 1711 1104 1698 1102 1698 1100 1698 1098 1698 1084 1709 1053 1695 1051 1695 1049 1695 955 1707 952 1707 928 1693 926 1693 924 1693 882 1693 880 1693 878 1693 876 1693 858 1706 820 1696 818 1696 816 1696 730 1704 673 1689 671 1689 669 1689 667 1689 643 1702 453 1702 431 1702 431 1700 421 1687 420 1687 420 1685 418 1685 416 1685 414 1685 412 1685 365 1698 346 1685 344 1685 343 1685 289 1684 288 1684 286 1684 256 1698 168 1698 168 1728"/></Shape>
	    <String CONTENT="qui s’addresse au Seigneur; mais selon l’autre"
                    HPOS="168"
                    VPOS="1684"
                    WIDTH="1009"
                    HEIGHT="78"></String>
          </TextLine>

          
          
          <TextLine ID="r3l30"
                    TAGREFS="LT610"
                    BASELINE="180 1781 230 1782 281 1782 331 1783 382 1783 433 1784 483 1784 534 1785 584 1785 635 1785 686 1786 736 1786 787 1787 837 1787 888 1788 939 1788 989 1789 1040 1790 1090 1791 1141 1791 1192 1792" 
                    HPOS="177"
                    VPOS="1737"
                    WIDTH="1013"
                    HEIGHT="82">
            <Shape><Polygon POINTS="179 1779 177 1797 350 1812 352 1812 421 1801 431 1801 436 1803 471 1812 473 1812 475 1812 544 1803 554 1803 557 1803 570 1814 572 1814 574 1814 576 1814 577 1814 612 1805 621 1803 638 1805 708 1816 709 1816 777 1806 798 1805 805 1806 825 1816 827 1816 829 1816 831 1816 860 1808 867 1806 876 1808 906 1817 908 1817 909 1819 977 1819 977 1817 979 1817 981 1817 992 1810 999 1806 1021 1810 1069 1819 1071 1819 1073 1819 1104 1812 1120 1808 1186 1812 1190 1790 1190 1757 1177 1746 1175 1746 1174 1746 1172 1746 1047 1757 986 1744 985 1744 889 1755 836 1742 834 1742 832 1742 831 1742 829 1742 810 1753 664 1740 662 1740 590 1751 443 1751 443 1750 432 1740 432 1739 431 1739 429 1739 427 1739 425 1739 385 1750 383 1750 286 1750 286 1748 256 1737 255 1737 253 1737 251 1737 249 1737 238 1748 216 1737 214 1737 212 1737 210 1737 179 1746 179 1779"/></Shape>
	    <String CONTENT="Interpretation que nous venons de marquer, c’est le"
                    HPOS="177"
                    VPOS="1737"
                    WIDTH="1013"
                    HEIGHT="82"></String>
          </TextLine>

          
          
          <TextLine ID="r3l31"
                    TAGREFS="LT610"
                    BASELINE="163 1830 188 1831 213 1832 239 1832 264 1832 290 1832 315 1832 341 1832 366 1832 392 1832 417 1831 442 1831 468 1831 493 1831 519 1831 544 1831 570 1831 595 1831 621 1832" 
                    HPOS="159"
                    VPOS="1792"
                    WIDTH="461"
                    HEIGHT="62">
            <Shape><Polygon POINTS="161 1828 159 1841 210 1854 212 1854 313 1843 322 1843 328 1843 370 1854 372 1854 374 1854 376 1854 401 1845 407 1841 414 1845 438 1854 440 1854 442 1854 443 1854 471 1845 478 1843 616 1845 620 1830 620 1803 552 1792 550 1792 489 1801 487 1803 242 1803 240 1801 232 1794 232 1792 231 1792 229 1792 227 1792 161 1799 161 1828"/></Shape>
	    <String CONTENT="Seigneur, qui parle."
                    HPOS="159"
                    VPOS="1792"
                    WIDTH="461"
                    HEIGHT="62"></String>
          </TextLine>

          
          
          <TextLine ID="r3l32"
                    TAGREFS="LT610"
                    BASELINE="296 1875 340 1878 385 1881 430 1883 475 1885 520 1886 564 1887 609 1887 654 1888 699 1888 744 1887 788 1887 833 1887 878 1887 923 1887 968 1887 1012 1887 1057 1888 1102 1889 1147 1890 1192 1892" 
                    HPOS="293"
                    VPOS="1832"
                    WIDTH="897"
                    HEIGHT="84">
            <Shape><Polygon POINTS="350 1832 332 1832 295 1839 295 1874 293 1889 324 1902 326 1902 328 1902 330 1902 344 1894 420 1903 421 1903 423 1903 447 1892 449 1891 449 1892 460 1902 460 1903 462 1903 464 1903 651 1907 653 1907 654 1907 689 1894 695 1894 748 1896 805 1898 821 1911 823 1911 825 1911 827 1911 985 1900 990 1900 992 1900 1051 1914 1053 1914 1054 1914 1056 1914 1078 1902 1091 1914 1091 1916 1093 1916 1095 1916 1097 1916 1188 1902 1190 1891 1188 1854 1159 1858 1153 1852 1142 1843 1142 1841 1141 1841 1139 1841 1111 1841 1109 1841 1038 1850 1003 1856 997 1850 986 1839 986 1837 985 1837 983 1837 953 1837 952 1837 950 1837 948 1837 933 1850 924 1856 911 1848 884 1836 882 1836 880 1836 878 1836 876 1836 860 1848 851 1854 843 1848 829 1836 827 1836 825 1836 798 1834 796 1834 741 1847 726 1850 720 1847 702 1832 700 1832 698 1832 697 1832 695 1832 665 1845 651 1852 434 1850 423 1843 416 1836 414 1836 412 1836 410 1836 409 1836 394 1841 385 1847 376 1841 359 1832 350 1832"/></Shape>
	    <String CONTENT="3 Toutes ces proprietes de Dieu semblent expliquer"
                    HPOS="293"
                    VPOS="1832"
                    WIDTH="897"
                    HEIGHT="84"></String>
          </TextLine>

          
          
          <TextLine ID="r3l33"
                    TAGREFS="LT610"
                    BASELINE="168 1928 219 1929 270 1930 321 1931 372 1931 423 1932 474 1932 525 1933 576 1933 627 1933 678 1933 729 1933 780 1933 831 1933 882 1933 933 1933 984 1933 1035 1933 1086 1934 1137 1934 1188 1934" 
                    HPOS="165"
                    VPOS="1889"
                    WIDTH="1021"
                    HEIGHT="90">
            <Shape><Polygon POINTS="166 1927 165 1979 302 1979 302 1977 304 1977 306 1977 306 1975 308 1975 337 1947 429 1969 431 1969 500 1962 543 1968 577 1973 579 1973 581 1973 583 1973 592 1968 625 1949 656 1949 695 1964 698 1966 700 1966 702 1966 720 1964 768 1957 788 1962 832 1975 834 1975 836 1975 838 1975 840 1975 860 1960 911 1979 913 1979 915 1979 917 1979 919 1979 919 1977 939 1958 948 1951 1021 1951 1029 1957 1043 1969 1045 1969 1047 1969 1049 1969 1051 1969 1071 1958 1082 1968 1084 1968 1086 1968 1087 1968 1089 1968 1091 1968 1109 1955 1115 1951 1183 1951 1186 1933 1185 1905 1098 1905 1098 1903 1089 1896 1089 1894 1087 1894 1086 1894 1084 1894 1082 1894 1058 1902 1043 1892 1042 1892 1040 1892 955 1892 953 1892 952 1892 950 1892 950 1894 941 1902 930 1892 928 1892 926 1892 924 1892 922 1892 904 1902 867 1892 865 1892 864 1892 862 1892 860 1892 860 1894 849 1903 847 1903 805 1894 803 1894 724 1902 713 1892 713 1891 711 1891 709 1891 708 1891 511 1902 504 1902 480 1889 478 1889 476 1889 166 1900 166 1927"/></Shape>
	    <String CONTENT="ce qui est appellé sa bonté, au vers. 19 du Chap. pre¬"
                    HPOS="165"
                    VPOS="1889"
                    WIDTH="1021"
                    HEIGHT="90"></String>
          </TextLine>

          
          
          <TextLine ID="r3l34"
                    TAGREFS="LT610"
                    BASELINE="182 1980 211 1978 240 1978 269 1978 333 1983" 
                    HPOS="179"
                    VPOS="1935"
                    WIDTH="153"
                    HEIGHT="55">
            <Shape><Polygon POINTS="181 1979 179 1990 330 1988 332 1982 332 1953 295 1935 293 1935 291 1935 289 1935 255 1947 238 1936 236 1936 234 1936 232 1936 231 1936 229 1936 212 1949 181 1949 181 1979"/></Shape>
	    <String CONTENT="cedent."
                    HPOS="179"
                    VPOS="1935"
                    WIDTH="153"
                    HEIGHT="55"></String>
          </TextLine>

          
          
          <TextLine ID="r3l35"
                    TAGREFS="LT610"
                    BASELINE="234 2020 281 2022 329 2023 376 2024 424 2025 471 2025 519 2026 566 2026 614 2027 661 2027 709 2027 756 2028 804 2028 851 2028 899 2028 946 2029 994 2029 1041 2029 1089 2030 1136 2030 1184 2031" 
                    HPOS="232"
                    VPOS="1971"
                    WIDTH="951"
                    HEIGHT="88">
            <Shape><Polygon POINTS="324 1982 306 1980 291 1979 232 1982 232 2019 232 2045 266 2032 379 2032 409 2045 425 2052 427 2052 429 2052 513 2045 616 2035 632 2045 634 2045 636 2045 638 2045 645 2045 680 2039 689 2045 702 2056 704 2056 706 2056 708 2056 709 2056 744 2045 766 2037 799 2045 864 2057 865 2057 928 2045 952 2057 953 2057 955 2059 988 2059 988 2057 990 2057 992 2057 992 2056 1005 2045 1018 2056 1020 2056 1021 2056 1023 2056 1025 2056 1049 2045 1056 2041 1179 2043 1183 2030 1183 1993 1164 1980 1163 1980 1161 1980 1159 1980 1064 1993 1018 1980 1016 1980 1014 1980 1012 1980 985 1991 968 1979 966 1979 964 1979 963 1979 882 1991 869 1979 869 1977 867 1977 865 1977 864 1977 783 1990 744 1977 742 1977 741 1977 739 1977 704 1988 675 1975 673 1975 671 1975 669 1975 620 1988 618 1988 511 1988 498 1975 498 1973 497 1973 495 1973 493 1973 491 1973 445 1986 443 1986 431 1975 431 1973 429 1973 427 1973 388 1971 387 1971 326 1975 324 1982"/></Shape>
	    <String CONTENT="V. VII 4 Un sçavant Juif croit qu’il est parlé en"
                    HPOS="232"
                    VPOS="1971"
                    WIDTH="951"
                    HEIGHT="88"></String>
          </TextLine>

          
          
          <TextLine ID="r3l36"
                    TAGREFS="LT610"
                    BASELINE="172 2076 222 2076 272 2076 322 2076 373 2076 423 2076 473 2076 524 2077 574 2077 624 2078 675 2078 725 2079 775 2079 825 2080 876 2080 926 2080 976 2081 1027 2081 1077 2081 1127 2081 1178 2081" 
                    HPOS="168"
                    VPOS="2034"
                    WIDTH="1009"
                    HEIGHT="60">
            <Shape><Polygon POINTS="170 2074 168 2089 1174 2094 1177 2079 1177 2050 1152 2037 1150 2037 1148 2037 1146 2037 1106 2048 1082 2037 1080 2037 1078 2037 1010 2048 1009 2048 999 2048 687 2039 686 2039 684 2039 671 2046 658 2035 656 2035 654 2035 653 2035 440 2045 438 2045 409 2034 407 2034 405 2034 346 2045 344 2045 343 2045 302 2034 300 2034 299 2034 170 2043 170 2074"/></Shape>
	    <String CONTENT="cet endroit des gens de bien à qui Dieu fait des fa¬"
                    HPOS="168"
                    VPOS="2034"
                    WIDTH="1009"
                    HEIGHT="60"></String>
          </TextLine>

          
          
          <TextLine ID="r3l37"
                    TAGREFS="LT610"
                    BASELINE="180 2120 229 2121 278 2123 328 2124 377 2125 427 2126 476 2127 525 2128 575 2128 624 2128 674 2129 723 2129 772 2129 822 2129 871 2129 921 2129 970 2129 1019 2129 1069 2129 1118 2129 1188 2134" 
                    HPOS="177"
                    VPOS="2078"
                    WIDTH="1009"
                    HEIGHT="82">
            <Shape><Polygon POINTS="179 2118 177 2138 209 2136 218 2142 227 2147 229 2147 231 2147 232 2147 234 2147 247 2142 258 2136 269 2142 282 2147 284 2147 286 2147 335 2142 387 2136 401 2142 425 2153 427 2153 429 2153 576 2147 625 2156 627 2158 686 2158 686 2156 687 2156 715 2145 722 2142 746 2145 849 2160 851 2160 853 2160 854 2160 875 2145 876 2145 1047 2145 1049 2147 1071 2158 1073 2158 1075 2158 1076 2158 1078 2158 1091 2149 1185 2149 1186 2133 1186 2096 1146 2090 1144 2090 1142 2090 1131 2094 1111 2103 1104 2096 1104 2094 1102 2094 1100 2094 985 2089 983 2089 981 2089 979 2089 975 2092 968 2100 959 2092 950 2087 948 2087 946 2087 944 2087 917 2092 884 2100 829 2092 779 2085 777 2085 776 2085 763 2090 748 2098 730 2090 708 2083 706 2083 704 2083 702 2083 700 2083 691 2090 684 2098 629 2098 598 2090 559 2081 557 2081 555 2081 539 2089 532 2094 528 2089 519 2081 519 2079 517 2079 515 2079 513 2079 511 2079 487 2089 476 2092 467 2089 447 2081 445 2081 443 2081 442 2081 420 2089 405 2092 392 2089 368 2078 366 2078 365 2078 363 2078 333 2087 321 2090 179 2087 179 2118"/></Shape>
	    <String CONTENT="veurs, et à toute leur posterité, quand les enfans"
                    HPOS="177"
                    VPOS="2078"
                    WIDTH="1009"
                    HEIGHT="82"></String>
          </TextLine>

          
        </TextBlock>
        

        
      </PrintSpace>
    </Page>
  </Layout>
</alto>
