1264 2203
1177 11 48 67 4

49 27 1040 90 9 + Dieu dit de plus; que les eaux, qui sont sous

203 77 862 91 le ciel, s’amassent en un seul lieu, afin que

38 132 1068 82 10 ce qui est aride paroisse: cela fut fait. + Dieu

203 183 879 66 donna à cet aride le nom de terre, et aux

205 229 884 75 amas d’eaux celui de mer. Et Dieu vit, que

40 279 1038 77 11 cela étoit bon. + Il dit encore: que la

203 328 903 83 terre pousse une herbe verte, et qui produise

205 381 923 85 de la graine; et des arbres fruitiers, qui portent

203 433 893 73 des fruits selon leurs especes, et qui ayent

207 482 860 74 leur semence en eux mêmes sur la terre:

38 532 1051 71 12 cela fût fait. + La terre poussa une herbe

211 576 869 75 verte et qui produisoit de la graine selon son

207 633 889 59 espece ; et des arbres fruitiers, dont chacun

198 675 906 70 avoit de la semence selon son espece. Dieu vit

42 721 1043 73 13 que cela étoit bon + et d’un soir et d’un

45 769 1033 80 14 matin fût fait un troisieme jour. + Or

205 820 862 75 Dieu dit: 11 que des corps lumineux soient

196 872 897 77 faits dans le 12 firmament du ciel ; qu’ils sepa¬

216 927 869 75 rent le jour d’avec la nuit; qu’ils servent

213 974 870 77 de signes, et qu’ils marquent les saisons,

45 1018 1009 83 15 les jours et les années: + qu’ils luisent

213 1073 894 74 dans le firmament du ciel, et qu’ils éclai¬

45 1118 1073 91 16 rent la terre: cela fût fait. + Dieu

205 1176 867 77 fit deux grands corps lumineux. Le plus grand

213 1233 876 72 étoit 13 pour avoir puissance sur le jour, et le

209 1285 889 71 plus petit pour avoir puissance sur la nuit:

56 1330 1024 79 17 il fit aussi les étoiles, + et il 14 les plaça

224 1384 863 71 dans le firmament du ciel pour eclairer la

55 1428 1014 81 18 terre: + pour avoir puissance sur le jour

224 1483 845 64 et sur la nuit, et pour diviser la lumiere

51 1523 1029 76 19 d’avec les tenebres. + Dieu vit, que cela

224 1571 885 73 étoit bon, et d’un soir et d’un matin fut

53 1619 1054 80 20 fait un quatriéme jour. + Dieu dit aussi:

152 1705 777 84 V. XIV. 11 Autr. Qu’il y ait des luminaires.

227 1764 853 86 12 Le mot de firmament se prend ici pour ce

134 1810 740 84 que nous appellons ordinairement ciel.

146 1865 956 103 V. XVI 13 Il y a la lettre dans l’Ebreu pour domination

139 1925 939 81 du jour: c’est une expression metaphorique, que R.

130 1962 977 77 Saadias a traduite par celle-ci pour éclairer pendant le jour.

156 2001 950 86 V.XVII 14 Quoiqu’il y ait eas dans nôtre vulgate, com¬

137 2041 941 81 me si cela ne se rapportoit qu’aux étoiles, il est mieux

141 2083 735 77 de l’entendre de tous les corps lumineux.
