1130 1998
191 43 887 51 et l’orge furent donc greslés; car l’orge

188 81 915 72 étoit avancée, et le 9 lin poussoit de la grai¬

20 129 1041 87 32 ne. + Mais 10 les blés ne furent point

195 189 866 82 endommagés, parce qu’ils étoient tardifs.

25 248 1083 89 33 + Moyse étant sorti de la ville, aprés avoir

196 299 894 88 quitte Pharaon étendit ses mains vers le ciel,

198 364 887 90 et les tonneres, et la gresle cesserent: Il

28 417 1087 105 34 ne tomba plus de pluye sur la terre. + Mais

200 479 890 97 Pharaon voyant, que la pluye, la gresles et

198 546 918 90 les tonneres avoient cessé, continüa de pe

41 599 1060 101 35 cher. + 11 Il en devint plus obstiné, lui et ses

198 661 903 94 serviteurs, et il s’endurcit si fort qu’il ne

195 719 908 91 laissa point aller les Israëlites, 12 comme le

195 789 920 70 Seigneur le lui avoit ordonné par Moyse.

203 855 895 87 V.XXXI 9 Les Juifs traduisent étoit en tige, c. étoit

161 917 185 73 dejà grand.

206 949 897 81 V.XXXII 10 Let. Le froment, et le blé, c. tous les blés.

158 1005 948 80 Les Rabbins traduisent le second mot par espéautre,

158 1048 957 80 qui est une espece de blé entre le froment, et l’orge.

203 1098 885 79 V.XXXV 11 Let. Son cœur, et celui de ses serviteurs

140 1158 251 82 s’appesantit.

280 1197 835 70 12 Sept. Comme le Seigneur l’avoit dit à Moyse.

161 1242 812 86 Ils ont eu plus d’egard au sens qu’aux mots.

383 1343 388 117 Chapitre X.

93 1418 1032 108 1 Le Seigneur dit à Moyse: allés trou¬

240 1491 863 92 ver Pharaon: car 1 j’ai endurci son

238 1550 865 95 cœur, et celui de ses serviteurs, afin que je

231 1608 872 93 fasse 2 au milieu de lui ces miracles, que

228 1671 882 92 je vas faire, + et que vous racontiés à

231 1721 875 88 vos enfans, et aux enfans de vos enfans

201 1818 450 75 V.I 1 Ebr. J’ai appesanti.

260 1868 370 85 2. C. Dans son pais.
