1186 2155
199 64 949 76 generations, qui ôtés l’iniquité, les crimes

206 100 953 108 et les pechés; 5 aupres duquel personne n’est

197 168 963 95 innocent par lui même, et qui rendés l’iniqui¬

199 220 940 108 té des peres aux enfans, et aux petits enfans

206 290 967 97 jusqu’à la troisiéme et la quatriéme genera¬

37 351 1125 94 8 tion. + Moyse se prosternant aussitôt con¬

34 413 1083 98 9 tre terre adora Dieu, + et lui dit: Seigneur,

197 483 922 79 si je vous suis agreable marchés je vous

204 544 944 86 supplie avec nous (car ce peuple est diffici¬

203 601 936 79 le à conduire) remettés nous nos iniquités,

12 662 1143 92 10 et nos pechés, et 6 possedés nous. + Le Seig¬

206 725 917 90 neur repondit: Je renouvellerai l’alliance

215 784 931 94 à la vüe de tout le peuple. Je ferai des cho¬

208 849 925 93 ses merveilleuses, qui n’ont jamais été vües

206 912 915 88 sur la terre ni chés aucune nation afin

204 975 940 95 que ce peuple au milieu duquel vous étes

208 1043 920 90 voye l’ouvrage terrible que je suis prest de

50 1102 1101 94 11 faire. + Observés tout ce que je vous com¬

194 1169 916 79 mande aujourdhui. Je vas chasser moi

204 1231 917 69 même devant vous les Amorrhéens, les

204 1285 904 83 Chananéens, les Hethéens, les Phereséens,

46 1346 1091 83 12 et les Jebuséens: + prenés garde à ne faire

195 1415 920 73 jamais d’alliances avec les habitans de

206 1481 924 84 ce pais, lesquelles seroient la cause de vôtre

55 1540 1044 87 13 ruine. + Mais détruisés leurs autels,

159 1634 372 50 imitent leurs peres.

255 1653 875 72 5 Il y a à la lettre dans l’Ebreu en justifiant

159 1711 980 86 ne justifiera point, ce qui a donne occasion à diffe¬

154 1761 970 88 rens sens. On peut traduire, et qui ne laisse personne

172 1817 947 75 impuni. Plusieurs Juifs l’expliquent de cette ma¬

161 1864 944 79 niere, pardonnant à ceux qui se convertissent,

159 1917 940 70 il ne pardonne pas à ceux qui ne se convertissent

167 1973 131 50 point.

208 1982 888 90 V. IX 6 Autr. que nous soyons vôtre heritage

167 2049 368 70 et vôtre peuple.
