1218 2184
198 29 887 69 de sept jours, et il le joignit à la montagne

32 63 1082 82 24 de Galaad. + Il vit Dieu en songe, qui lui dit:

194 116 934 78 donnés vous bien de garde 8 de ne rien dire à Ja¬

25 171 1076 83 cob, qui puisse l'offenser. + Jacob avoit deja

192 232 916 61 dressé sa tente sur la montagne, et Laban

194 283 907 70 l'y ayant joint avec ses freres, il dressa aussi

194 336 936 80 sa tente sur la même montagne de Galaad;

36 389 1101 76 26 + et il dit à Jacob: pourquoi en avés vous usé

198 444 914 74 ainsi enlevant mes filles en secret, comme

40 493 1076 87 27 des prisonnieres de guerre? + pourquoi avés

183 547 916 84 vous voulu vous retirer, sans que s’en sçûsse

187 602 945 80 rien, et sans me le marquer, j’aurois été vous

192 655 924 71 conduire avec joye en chantant, et au son

50 709 1053 71 28 des tambours, et des harpes. + Vous n'avés pas

178 760 947 84 souffert, que j’embrassasse mes petitsfils, et mes

183 815 969 80 filles: vous n’avés pas fait sagement; et main¬

49 868 1097 76 29 tenant, + il est en mon pouvoir de vous maltrai¬

185 920 921 75 ter, mais le Dieu de vôtre pere me dit hier:

191 973 957 84 donnés vous bien de garde de rien dire à Jacob,

41 1026 1076 86 30 qui puisse l'offenser, + Je veux, que vous eussiés

187 1082 921 80 envie d'aller chés vos parens, et de revoir la

189 1137 899 76 maison de vôtre pere; pourquoi avés vous

32 1190 1107 89 31 derobé mes dieux ? + Jacob répondit, si je suis

189 1241 897 83 parti sans que vous en ayés rien sceu, c'est

194 1295 922 84 que je craignois, que vous ne m'ôtassiés vos filles

30 1344 1104 84 32 par force, + à l'egard du larcin, dont vous m’ac¬

191 1394 895 85 cusés, que celui que vous trouverés avec vos

187 1443 952 94 dieux soit mis à mort en presence de nos freres:

194 1492 934 96 cherchés par tout, si vous trouverés chés moi quel¬

192 1543 911 87 que chose, qui soit à vous, et l'emportés. Quand

200 1596 917 89 il disoit cela, il ne sçavoit pas que Rachel a¬

29 1647 1097 83 33 voit derobé les idoles. + Laban donc étant en¬

178 1698 916 92 tré dans la tente de Jacob, de Lia, et des deux

182 1758 912 87 servantes, ne trouva rien; et comme il entroit

29 1812 1108 84 34 ensuite dans la tente de Rachel, + elle alla prom¬

192 1869 902 72 ptement cacher les idoles sous 9 la litiere d'un

163 1941 814 68 V. XXIV. 8 Ebr. de ne dire à Jacob ni bien, ni mal.

176 1976 916 80 V. XXXIV 9 La plupart des Rabbins entendent par le mot

143 2029 958 71 qui est dans l'Ebreu un bast, mais il n’y a rien de certain

147 2076 544 67 sur la signification de ce mot.
