1115 2070
174 20 909 102 doctrine sont pour vôtre 10 saint homme que

170 98 915 90 vous avés esprouvé 11 par des tentations, et

158 156 936 94 que vous avés jugé aux eaux 22 de contra¬

37 217 1038 98 9 diction. + 12 Lequel a dit à son pere et à

165 284 899 85 sa mere; je ne sçai  qui vous étes, et à ses

179 348 904 79 freres: je ne vous connois point, et ils n'ont

174 417 897 72 point connu leurs enfans: 13 ceux là ont mis

181 476 883 81 en pratique vôtre parole, et ont gardé vôtre

36 533 1047 93 10 alliance, + 14 aussi bien que vos jugemens ô Ja¬

172 602 922 79 cob, et vôtre loy ô Israël: Ils offriront des

176 665 906 80 parfuns 15 pour vous appaiser, et les holo¬

53 721 1029 94 11 caustes sur vôtre autel: 4 Seigneur enis¬

177 784 877 92 sés sa force, et agréés les ouvrages de ses

174 848 916 80 mains, frappés le dos de ses ennemis, et

148 940 948 77 nombre, parcequ'ils ont repeté la particule negative

144 986 926 88 qui precede ce qui a été suivi par quelques autres

151 1043 226 73 Interpretes.

188 1069 894 81 V. VIII 8 C. dans la portion de terre, qui lui doit

157 1131 148 60 echoir.

295 1129 538 99 9. Ebr. et vous le defendrés.

184 1197 913 77 V. VIII 9 Il y a dans l'Ebreu thumim et urim, dont

144 1248 967 75 il est parlé au Chap. 28 de l'Exode v. 30 et au Leuit.

162 1304 186 55 ch. 8 v. 8.

272 1328 259 83 10 C'est Aaron.

267 1380 808 84 11 On peut aussi traduire sur l'Ebreu à Massa

158 1435 451 74 qui est un nom de lieu.

267 1488 383 57 11 Autr. de Meriba.

188 1533 887 76 V. IX 12 C. qui rendoit la justice sans avoir égard

162 1583 902 73 à la qualité des personnes. Mais il est mieux de

157 1633 911 74 l'expliquer de tous les Levites et de l'action, qui est

155 1687 930 75 rapportée au Chap. 32 de l'Exode, où il est dit, qu'ils

153 1740 934 74 tüerent sans avoir égard à leur parenté ceux qui a¬

169 1785 517 69 voient adoré le veau d'or.

281 1830 606 84 13. Ebr. parce qu'ils ont observé.

207 1880 854 77 V. X 14 Il y a ici un point dans l'Ebreu, qui lit: Ils

167 1935 901 72 enseigneront vos jugemens à Jacob et vôtre loy à Is¬

170 1988 594 73 raël. Ce qui s'entend des Levites.
