1174 2235
231 20 905 80 que les eaux produisent des 15 reptiles, qui ayent

234 72 878 77 vie, et des oiseaux, qui volent sur la terre

50 115 1079 89 21 16 dans l'air. + Dieu crea les grands poissons,

221 178 910 69 et toute sorte de reptiles ayant la vie et le mou¬

232 221 887 73 vement; que les eaux produisirent chacun se¬

221 266 880 78 lon son espece, et toute sorte d'oiseaux

39 370 1080 67 22 étoit bon. + Il les benit, leur disant: crois¬

221 314 891 82 selon leurs especes; et Dieu vit, que cela

206 422 906 73 sés, multipliés, et remplissés les eaux de la mer,

212 471 868 87 et que les oiseaux se multiplient sur la terre

35 519 1058 82 23 + et d'un soir et d'un matin fût fait un

35 575 1073 91 24 cinquiéme jour + Dieu dit aussi: que la

210 638 909 73 terre produise des animaux selon leurs especes

206 690 917 79 17 des animaux domestiques, des reptiles, des 18 bestes

212 754 902 63 de la terre selon leurs especes: ce qui fût fait

40 797 1079 76 25 + Dieu fit les bestes de la terre selon leurs espe¬

216 853 885 61 ces, les animaux domestiques, et toute sorte

208 897 876 71 de 19 reptiles de la terre selon leurs especes:

31 944 1072 82 26 et Dieu vit, que cela étoit bon. + Il dit:

212 1009 863 67 20 faisons l'homme à notre image, et à notre

206 1063 863 71 ressemblance, et qu'il soit le maître des

206 1117 871 61 poissons de la mer, des oiseaux du ciel, des

195 1162 895 78 bestes, et de toute la terre, et des reptiles, qui

29 1206 1068 92 27 sur la terre. + Dieu crea 21 l'homme

143 1294 969 93 V. XX15 Le mot, qui est dans l'Ebreu, signifie en general

122 1350 966 87 les animaux, qui se trainent, soit qu'ils ayent des

122 1396 997 90 pieds, ou qu'ils n'en ayent point. Mais Moyse ne parle

124 1437 662 79 ici que de ceux, qui sont dans l'eau.

223 1484 606 93 16 Lett. sous les firmement du ciel.

152 1540 951 87 V. XXIV 17 Il n'y a qu'un seul mot dans l'Hebreu, qui

121 1592 1000 87 est traduit dans la vulgate par jumenta c bestes de charge;

128 1639 945 91 et dans les sept. bestes a quatre pieds. Il y a aussi

128 1691 960 97 dans la verson Espagnole des Juifs de Ferrare quatro¬

124 1726 73 76 pea.

186 1748 904 120 18 c bestes sauvages par opposition aux animaux do¬

128 1827 160 52 mestiques.

162 1862 924 88 V. XXV 19 Sous le nom des reptiles de la terre sont aussi compris

126 1896 969 91 les rats, les souris, et quelques autres animaux de cette sorte.

152 1940 921 90 V. XXVI 20 Plusieurs Juifs croyen, que Dieu parle ici aux

117 1985 961 87 anges, comme étant de son conseil; d'autres croyent, que

124 2026 964 89 cette expression au plurier est convenable à la grandeur

132 2059 952 116 de Dieu: mais les plus anciens Ecrivains Ecclesiastiques

907 2177 106 56 à son
