<?xml version="1.0" encoding="UTF-8"?>
<alto xmlns:xsi="http://www.w3.org/2001/XMLSchema-instance"
      xmlns="http://www.loc.gov/standards/alto/ns-v4#"
      xsi:schemaLocation="http://www.loc.gov/standards/alto/ns-v4# http://www.loc.gov/standards/alto/v4/alto-4-2.xsd">
  <Description>
    <MeasurementUnit>pixel</MeasurementUnit>
    <sourceImageInformation>
      <fileName>0004_Blatt 202_2.jpg</fileName>
      
    </sourceImageInformation>
  </Description>
  
  <Tags>
    <OtherTag ID="BT1592" LABEL="MainZone" DESCRIPTION="block type MainZone"/><OtherTag ID="BT1589" LABEL="RunningTitle" DESCRIPTION="block type RunningTitle"/><OtherTag ID="BT1590" LABEL="MarginTextZone:apparatus" DESCRIPTION="block type MarginTextZone:apparatus"/><OtherTag ID="BT1591" LABEL="NumberingZone" DESCRIPTION="block type NumberingZone"/><OtherTag ID="BT1593" LABEL="QuireMarksZone" DESCRIPTION="block type QuireMarksZone"/>
    <OtherTag ID="LT613" LABEL="DefaultLine" DESCRIPTION="line type DefaultLine"/><OtherTag ID="LT614" LABEL="HeadingLine" DESCRIPTION="line type HeadingLine"/>
  </Tags>
  
  <Layout>
    <Page WIDTH="1146"
          HEIGHT="2148"
          PHYSICAL_IMG_NR="3"
          ID="eSc_dummypage_">
      <PrintSpace HPOS="0"
                  VPOS="0"
                  WIDTH="1146"
                  HEIGHT="2148">
        
        <TextBlock HPOS="1101"
                   VPOS="12"
                   WIDTH="43"
                   HEIGHT="56"
                   ID="eSc_textblock_35895092"
                   TAGREFS="BT1591">
          <Shape><Polygon POINTS="1101 12 1101 68 1144 68 1144 12"/></Shape>
          
          
          <TextLine ID="eSc_line_8bb50eef"
                    TAGREFS="LT613"
                    BASELINE="1105 53 1140 55" 
                    HPOS="1104"
                    VPOS="12"
                    WIDTH="34"
                    HEIGHT="57">
            <Shape><Polygon POINTS="1104 12 1104 51 1104 69 1137 59 1138 53 1138 12 1122 12"/></Shape>
	    <String CONTENT="3"
                    HPOS="1104"
                    VPOS="12"
                    WIDTH="34"
                    HEIGHT="57"></String>
          </TextLine>

          
        </TextBlock>
        
        <TextBlock HPOS="10"
                   VPOS="3"
                   WIDTH="1102"
                   HEIGHT="1272"
                   ID="eSc_textblock_8f0e9688"
                   TAGREFS="BT1592">
          <Shape><Polygon POINTS="10 12 25 1275 1112 1272 1110 124 646 3"/></Shape>
          
          
          <TextLine ID="r6l1"
                    TAGREFS="LT614"
                    BASELINE="348 95 373 97 398 99 423 101 448 102 473 102 498 103 523 103 548 103 573 103 598 103 623 103 648 103 673 103 698 103 723 103 748 103 773 104 798 104" 
                    HPOS="336"
                    VPOS="13"
                    WIDTH="460"
                    HEIGHT="117">
            <Shape><Polygon POINTS="345 127 420 128 422 128 424 128 426 128 426 127 427 127 440 114 474 125 490 130 492 130 494 130 496 130 506 125 519 118 542 125 556 128 558 128 560 128 795 119 796 103 796 59 761 39 759 39 707 37 705 37 703 37 646 57 644 59 621 59 619 57 594 37 592 37 590 37 589 37 587 37 551 55 499 34 497 34 496 34 453 13 375 15 336 53 347 94"/></Shape>
	    <String CONTENT="Chapitre XXI."
                    HPOS="336"
                    VPOS="13"
                    WIDTH="460"
                    HEIGHT="117"></String>
          </TextLine>

          
          
          <TextLine ID="r6l2"
                    TAGREFS="LT613"
                    BASELINE="50 188 216 180 262 182 307 184 353 186 399 187 444 188 490 188 536 189 581 189 627 189 673 189 718 189 764 189 810 189 855 190 901 190 947 191 992 192 1038 194 1084 195" 
                    HPOS="48"
                    VPOS="112"
                    WIDTH="1035"
                    HEIGHT="102">
            <Shape><Polygon POINTS="48 196 333 196 338 198 361 214 363 214 365 214 367 214 368 214 424 200 431 198 445 200 476 204 478 204 479 204 487 200 504 191 540 200 558 205 560 205 562 205 564 205 578 202 596 195 608 202 617 205 619 205 621 205 623 205 624 205 628 202 637 196 671 202 694 205 696 205 698 205 700 205 700 204 701 202 714 191 748 204 757 205 759 205 761 205 762 205 773 204 800 196 812 204 823 209 825 209 827 209 898 204 992 198 1081 205 1083 193 1079 132 916 132 911 128 893 116 891 116 889 116 888 116 886 116 863 128 859 128 823 123 821 123 791 127 741 136 726 127 725 125 723 125 721 125 719 125 718 125 716 125 716 127 714 127 707 134 653 127 607 119 605 119 603 119 585 125 580 127 573 125 540 112 538 112 537 112 535 112 503 125 501 125 499 123 485 112 483 112 481 112 479 112 478 112 436 123 408 130 372 123 333 114 331 114 266 121 211 127 152 121 150 121 148 121 146 121 116 144 80 144 48 118 48 187 48 196"/></Shape>
	    <String CONTENT="1 Le Seigneur dit encore à Moyse: Parlés"
                    HPOS="48"
                    VPOS="112"
                    WIDTH="1035"
                    HEIGHT="102"></String>
          </TextLine>

          
          
          <TextLine ID="r6l3"
                    TAGREFS="LT613"
                    BASELINE="195 248 238 247 281 247 324 246 368 246 411 246 454 246 497 246 541 246 584 247 627 247 670 247 714 248 757 249 800 249 843 250 887 251 930 251 973 252 1016 253 1060 253" 
                    HPOS="191"
                    VPOS="191"
                    WIDTH="867"
                    HEIGHT="84">
            <Shape><Polygon POINTS="193 247 191 257 229 273 230 273 232 275 399 275 399 273 401 273 429 257 436 254 476 259 540 266 542 266 544 266 546 266 556 259 558 259 574 273 574 275 576 275 578 275 580 275 581 275 630 259 644 255 684 261 721 264 723 264 725 264 732 261 743 255 759 261 775 266 777 266 778 266 807 261 829 257 846 261 893 275 895 275 897 275 898 275 900 275 916 263 922 259 1054 263 1058 252 1052 205 1027 213 1017 205 1004 195 1002 195 1000 195 957 195 956 195 954 195 952 195 940 205 929 214 880 205 873 205 872 205 864 205 814 214 803 205 796 200 795 200 793 200 791 200 741 207 698 213 689 207 671 193 669 193 667 193 666 193 664 193 607 207 601 209 599 207 585 195 585 193 583 193 581 193 506 193 504 193 503 193 501 193 487 205 474 193 474 191 472 191 470 191 438 191 436 191 435 191 433 191 433 193 417 209 413 211 406 209 338 191 336 191 334 191 333 191 331 191 311 209 307 211 193 211 193 247"/></Shape>
	    <String CONTENT="aux sacrificateurs fils d&#39;Aaron, et dites"
                    HPOS="191"
                    VPOS="191"
                    WIDTH="867"
                    HEIGHT="84"></String>
          </TextLine>

          
          
          <TextLine ID="r6l4"
                    TAGREFS="LT613"
                    BASELINE="181 315 227 315 273 315 319 314 366 314 412 313 458 313 504 312 551 311 597 311 643 311 689 310 736 310 782 310 828 311 874 311 921 312 967 313 1013 315 1060 317" 
                    HPOS="179"
                    VPOS="255"
                    WIDTH="879"
                    HEIGHT="77">
            <Shape><Polygon POINTS="180 313 179 322 195 331 196 331 198 331 257 320 261 320 266 320 311 331 313 331 440 322 538 331 540 331 542 331 569 322 573 320 576 322 612 332 614 332 615 332 687 322 689 322 827 322 829 322 845 332 846 332 848 332 850 332 852 332 884 322 886 322 891 322 970 331 972 331 974 331 997 322 999 322 1029 332 1031 332 1033 332 1034 332 1056 322 1058 316 1058 277 1022 257 1020 257 979 257 977 257 975 257 949 272 918 257 916 257 915 257 913 257 911 257 886 277 884 279 843 279 843 277 823 259 823 257 821 257 820 257 771 257 769 257 768 257 766 257 750 268 641 257 639 257 637 257 635 257 635 259 617 275 560 255 558 255 556 255 555 255 553 255 553 257 531 277 248 277 220 255 218 255 216 255 214 255 213 255 211 255 180 273 180 313"/></Shape>
	    <String CONTENT="leur: qu&#39;aucun sacrificateur ne se rende"
                    HPOS="179"
                    VPOS="255"
                    WIDTH="879"
                    HEIGHT="77"></String>
          </TextLine>

          
          
          <TextLine ID="r6l5"
                    TAGREFS="LT613"
                    BASELINE="33 386 225 376 269 376 313 376 357 376 401 376 445 375 489 375 533 375 577 374 621 374 665 374 709 374 753 374 797 374 841 375 885 376 929 377 973 378 1017 380 1062 382" 
                    HPOS="30"
                    VPOS="311"
                    WIDTH="1031"
                    HEIGHT="88">
            <Shape><Polygon POINTS="966 313 965 313 864 325 843 311 841 311 839 311 838 311 836 311 811 322 791 313 789 313 787 313 657 315 655 315 599 334 590 338 551 340 542 336 533 329 531 329 530 329 528 329 526 329 503 336 492 340 488 336 467 320 465 320 463 320 424 320 422 320 420 320 419 320 419 322 401 338 397 343 359 343 354 340 336 323 336 322 334 322 333 322 300 322 299 322 297 322 243 343 241 343 238 343 218 334 216 334 214 334 213 334 180 343 170 349 30 349 32 384 32 397 388 383 424 393 438 399 440 399 442 399 444 399 458 393 496 381 558 390 560 390 562 390 607 379 651 392 667 395 669 395 671 395 743 392 744 392 746 392 746 390 748 390 755 379 798 390 820 393 821 393 1060 384 1061 381 1058 323 1004 331 992 323 968 313 966 313"/></Shape>
	    <String CONTENT="2 immonde à la mort de ses citoyens, + si"
                    HPOS="30"
                    VPOS="311"
                    WIDTH="1031"
                    HEIGHT="88"></String>
          </TextLine>

          
          
          <TextLine ID="r6l6"
                    TAGREFS="LT613"
                    BASELINE="194 432 238 432 282 432 326 432 371 432 415 432 459 432 504 432 548 432 592 432 637 432 681 432 725 432 769 432 814 433 858 434 902 435 947 436 991 437 1035 439 1080 441" 
                    HPOS="191"
                    VPOS="374"
                    WIDTH="888"
                    HEIGHT="89">
            <Shape><Polygon POINTS="547 374 546 374 533 374 515 375 497 375 479 375 461 375 440 392 436 393 363 393 363 392 347 377 336 377 331 377 311 392 293 377 282 377 279 377 263 392 261 392 193 392 193 431 191 443 234 440 243 447 257 456 259 456 261 456 263 458 329 458 329 456 331 456 333 456 333 454 342 447 349 440 368 440 411 447 474 458 476 458 478 458 479 458 479 456 490 447 496 443 590 443 608 447 655 460 657 460 658 460 660 460 662 460 662 458 675 447 678 445 709 445 710 447 723 460 723 461 725 461 726 461 728 461 730 461 759 449 764 445 771 449 784 454 786 454 787 454 789 454 805 449 807 447 807 449 821 460 821 461 823 461 825 461 827 461 829 461 859 449 866 445 877 449 895 454 897 454 898 454 954 449 972 447 974 449 981 454 981 456 983 456 984 456 986 456 988 456 1011 449 1018 447 1022 449 1042 463 1043 463 1045 463 1047 463 1049 463 1077 449 1079 440 1076 395 1052 399 1045 395 1038 388 1036 388 1034 388 1033 388 1004 393 986 399 981 393 972 386 972 384 970 384 968 384 966 384 965 384 932 393 916 399 906 393 891 386 889 386 888 386 886 386 864 393 855 397 848 393 816 377 814 377 812 377 753 386 726 375 725 375 723 375 721 375 680 392 666 377 666 375 664 375 662 375 660 375 567 384 549 374 547 374"/></Shape>
	    <String CONTENT="ce n&#39;est quelqu&#39;un de ses plus proches, c&#39;est"
                    HPOS="191"
                    VPOS="374"
                    WIDTH="888"
                    HEIGHT="89"></String>
          </TextLine>

          
          
          <TextLine ID="r6l7"
                    TAGREFS="LT613"
                    BASELINE="193 495 236 494 280 493 323 493 367 492 410 492 454 492 497 491 541 491 584 491 628 491 672 492 715 492 759 492 802 492 846 492 889 493 933 493 976 493 1020 493 1064 493" 
                    HPOS="189"
                    VPOS="440"
                    WIDTH="874"
                    HEIGHT="70">
            <Shape><Polygon POINTS="191 494 191 510 1061 508 1063 492 1060 458 1024 460 1020 458 999 440 997 440 995 440 859 440 857 440 855 440 854 440 834 454 820 442 820 440 818 440 816 440 814 440 812 440 773 451 752 440 750 440 748 440 746 440 744 440 732 449 723 442 723 440 721 440 719 440 667 440 666 440 664 440 662 440 639 460 637 460 628 460 596 458 580 443 580 442 578 442 576 442 574 442 573 442 571 442 549 460 549 461 481 461 284 461 252 440 250 440 248 440 247 440 245 440 243 440 243 442 223 461 189 461 191 494"/></Shape>
	    <String CONTENT="à dire son pere, ou sa mere, son fils, sa"
                    HPOS="189"
                    VPOS="440"
                    WIDTH="874"
                    HEIGHT="70"></String>
          </TextLine>

          
          
          <TextLine ID="r6l8"
                    TAGREFS="LT613"
                    BASELINE="36 571 222 559 267 558 311 557 356 556 401 555 445 554 490 553 534 553 579 552 624 552 668 552 713 552 757 552 802 552 847 552 891 552 936 553 980 553 1025 554 1070 554" 
                    HPOS="34"
                    VPOS="495"
                    WIDTH="1035"
                    HEIGHT="101">
            <Shape><Polygon POINTS="35 569 39 590 51 578 119 576 136 587 145 596 146 596 148 596 150 596 152 596 175 587 211 572 243 585 263 592 265 592 266 592 268 592 270 592 270 590 277 585 291 571 327 571 354 583 367 588 368 588 370 588 372 588 374 588 374 587 379 583 395 567 467 572 469 572 470 572 497 563 549 572 551 572 553 572 576 565 590 578 592 579 594 579 596 579 598 579 599 579 601 579 603 578 621 562 667 558 694 576 696 578 698 578 700 578 701 578 786 576 787 576 793 574 812 563 915 571 920 571 922 571 923 571 925 571 925 569 936 560 952 571 954 571 956 571 957 571 959 571 961 571 986 562 1065 567 1069 553 1065 508 983 508 959 497 957 497 956 497 954 497 922 510 918 510 915 510 843 495 841 495 766 499 764 499 762 499 748 511 746 511 732 501 730 501 728 501 726 501 725 501 698 513 691 517 684 513 662 502 660 502 658 502 657 502 655 502 642 513 635 520 608 520 581 515 556 510 555 510 553 510 551 510 546 515 540 520 526 515 497 506 496 506 494 506 492 506 490 506 478 517 467 524 435 517 399 510 397 510 395 510 393 510 393 511 384 519 374 528 334 519 316 515 315 515 313 515 300 519 273 529 263 520 259 517 259 515 257 515 256 515 205 515 204 515 202 515 188 520 159 535 82 537 34 524 35 569"/></Shape>
	    <String CONTENT="3 fille, ou son frere; + ou sa soeur, si elle"
                    HPOS="34"
                    VPOS="495"
                    WIDTH="1035"
                    HEIGHT="101"></String>
          </TextLine>

          
          
          <TextLine ID="r6l9"
                    TAGREFS="LT613"
                    BASELINE="36 644 227 622 273 620 319 619 365 617 410 616 456 616 502 615 548 615 593 615 639 615 685 615 731 615 776 615 822 616 868 616 914 617 959 617 1005 618 1051 619 1097 619" 
                    HPOS="32"
                    VPOS="563"
                    WIDTH="1063"
                    HEIGHT="99">
            <Shape><Polygon POINTS="35 642 35 649 134 642 146 649 170 662 171 662 173 662 175 662 177 662 195 647 207 637 422 626 478 633 479 633 481 633 503 622 524 637 542 649 544 649 546 649 547 649 585 646 587 646 589 646 605 635 623 622 664 630 666 630 667 630 669 630 669 628 676 622 692 631 696 635 698 635 700 635 701 635 703 635 712 631 732 622 786 630 823 633 825 633 1094 619 1095 617 1092 569 839 581 834 579 825 574 823 574 821 574 820 574 800 581 793 583 786 581 746 567 744 567 743 567 741 567 739 567 719 585 716 585 685 574 684 574 682 574 680 574 678 574 666 585 617 563 615 563 614 563 612 563 610 563 567 590 553 578 551 578 549 578 490 574 488 574 487 574 485 574 485 576 474 585 465 576 463 576 461 576 460 576 458 576 433 590 422 579 420 579 419 579 417 579 415 579 413 579 413 581 406 587 363 578 361 578 200 587 198 587 116 610 103 613 96 612 57 596 55 596 53 596 51 596 50 596 32 608 35 642"/></Shape>
	    <String CONTENT="4 est demeurée vierge sans être mariée, + mais"
                    HPOS="32"
                    VPOS="563"
                    WIDTH="1063"
                    HEIGHT="99"></String>
          </TextLine>

          
          
          <TextLine ID="r6l10"
                    TAGREFS="LT613"
                    BASELINE="193 686 237 684 281 682 325 681 369 679 414 678 458 677 502 677 546 676 590 676 635 676 679 675 723 675 767 676 811 676 856 676 900 676 944 677 988 677 1032 677 1077 678" 
                    HPOS="189"
                    VPOS="624"
                    WIDTH="887"
                    HEIGHT="83">
            <Shape><Polygon POINTS="191 685 191 707 225 707 225 705 227 705 229 705 229 703 243 690 261 705 263 705 265 705 266 705 268 705 270 705 293 689 315 703 316 703 318 703 320 703 322 703 324 703 342 689 376 703 377 703 379 703 381 703 383 703 383 701 399 687 519 687 560 701 562 701 564 701 565 701 567 701 589 685 621 685 635 698 635 699 637 699 639 699 641 699 642 699 684 685 741 692 743 692 830 683 915 698 916 699 979 699 979 698 981 698 983 698 995 687 1074 698 1076 676 1074 624 1027 624 1026 624 1024 624 1022 624 1022 626 1004 644 900 644 884 630 880 628 880 626 879 626 877 626 784 626 782 626 780 626 778 626 769 633 759 642 750 635 748 635 746 635 744 635 743 635 703 646 685 637 685 635 684 635 682 635 680 635 678 635 673 637 641 646 610 639 587 633 585 633 583 633 571 640 560 646 544 640 512 630 510 630 508 630 506 630 470 642 469 644 467 644 447 630 445 630 444 630 442 630 440 630 438 630 422 644 406 631 406 630 404 630 402 630 401 630 399 630 368 646 363 649 350 647 299 635 297 635 295 635 293 635 293 637 282 646 259 637 257 637 256 637 189 651 191 685"/></Shape>
	    <String CONTENT="qu&#39;il ne se rende point immonde, 2 quand"
                    HPOS="189"
                    VPOS="624"
                    WIDTH="887"
                    HEIGHT="83"></String>
          </TextLine>

          
          
          <TextLine ID="r6l11"
                    TAGREFS="LT613"
                    BASELINE="39 763 243 747 287 744 331 742 375 740 419 739 462 737 506 736 550 735 594 734 638 733 681 733 725 732 769 732 813 732 857 732 900 733 944 734 988 734 1032 735 1076 737" 
                    HPOS="34"
                    VPOS="678"
                    WIDTH="1040"
                    HEIGHT="95">
            <Shape><Polygon POINTS="1034 678 1017 678 999 678 997 678 988 683 977 690 773 699 764 692 753 683 753 681 752 681 750 681 748 681 746 681 710 694 694 699 682 696 628 680 626 680 624 680 573 685 571 685 569 685 569 687 556 701 553 703 544 701 483 687 481 687 352 696 350 696 349 696 334 708 322 719 306 710 295 705 293 705 291 705 247 712 245 712 220 699 218 699 216 699 214 699 213 699 191 714 170 730 100 732 76 719 66 712 64 712 62 712 60 712 59 712 34 719 37 762 37 769 230 760 250 766 265 771 266 771 268 771 306 766 376 753 422 753 438 762 460 773 461 773 463 773 465 773 467 773 478 764 544 769 546 769 547 769 569 758 594 744 612 757 623 766 624 766 626 766 628 766 723 760 725 760 744 753 777 742 805 751 809 753 811 753 812 753 814 753 818 751 832 744 845 751 846 753 848 753 850 753 852 753 854 753 863 751 884 744 1072 744 1074 735 1070 680 1047 678 1034 678"/></Shape>
	    <String CONTENT="5 même le chef de son peuple mourroit. +"
                    HPOS="34"
                    VPOS="678"
                    WIDTH="1040"
                    HEIGHT="95"></String>
          </TextLine>

          
          
          <TextLine ID="r6l12"
                    TAGREFS="LT613"
                    BASELINE="192 808 236 808 280 808 324 807 368 806 412 805 456 803 500 802 544 800 588 799 633 797 677 796 721 795 765 794 809 794 853 794 897 795 941 796 985 798 1029 801 1083 810" 
                    HPOS="189"
                    VPOS="750"
                    WIDTH="892"
                    HEIGHT="80">
            <Shape><Polygon POINTS="191 807 189 816 410 826 411 826 469 819 578 805 592 816 592 818 594 818 596 818 598 818 599 818 637 807 655 821 664 828 666 828 667 828 669 830 694 830 694 828 696 828 698 828 707 821 732 807 809 807 821 818 823 818 825 818 827 818 829 818 830 818 846 807 992 807 1077 825 1081 809 1081 760 1070 751 1069 751 1067 751 1065 751 977 764 975 764 974 764 927 751 925 751 923 751 922 751 920 751 904 762 897 757 897 755 895 755 893 755 891 755 791 760 719 751 718 751 716 751 714 751 714 753 701 762 692 755 691 755 689 755 687 755 487 762 472 762 469 762 406 750 404 750 402 750 370 762 368 762 367 762 318 750 316 750 315 750 313 750 284 762 281 762 191 762 191 807"/></Shape>
	    <String CONTENT="Les sacrificateurs ne raseront, ni leur tête,"
                    HPOS="189"
                    VPOS="750"
                    WIDTH="892"
                    HEIGHT="80"></String>
          </TextLine>

          
          
          <TextLine ID="r6l13"
                    TAGREFS="LT613"
                    BASELINE="197 873 241 873 285 873 330 873 374 872 419 871 463 870 508 869 552 868 597 867 641 865 685 864 730 864 774 862 819 862 863 862 908 861 952 862 997 863 1041 864 1086 865" 
                    HPOS="195"
                    VPOS="809"
                    WIDTH="890"
                    HEIGHT="80">
            <Shape><Polygon POINTS="196 871 196 889 408 889 408 887 410 887 411 887 413 886 427 877 510 884 530 886 531 886 533 886 538 884 567 875 592 884 599 886 601 886 603 886 605 886 612 884 642 873 676 882 678 882 680 882 682 882 707 873 814 873 829 880 832 884 834 884 836 884 838 884 839 884 848 880 868 871 1083 877 1085 864 1083 832 1065 832 1065 830 1043 810 1043 809 1042 809 1040 809 1038 809 922 830 920 830 884 809 882 809 880 809 879 809 807 810 805 810 803 810 784 825 759 810 757 810 755 810 753 810 752 810 726 830 725 832 714 830 675 819 673 819 671 819 669 819 648 830 646 830 644 830 626 818 624 818 623 818 621 818 619 818 617 818 617 819 605 828 601 834 594 828 580 819 578 819 576 819 574 819 573 819 571 819 571 821 562 828 560 832 488 834 481 828 465 814 463 814 461 814 460 814 458 814 429 828 422 832 415 828 393 818 392 818 390 818 388 818 386 818 372 828 359 837 309 837 291 828 281 823 279 823 277 823 275 823 273 823 268 828 256 835 195 828 196 871"/></Shape>
	    <String CONTENT="ni leur barbe, et ils ne tailladeront leur"
                    HPOS="195"
                    VPOS="809"
                    WIDTH="890"
                    HEIGHT="80"></String>
          </TextLine>

          
          
          <TextLine ID="r6l14"
                    TAGREFS="LT613"
                    BASELINE="42 940 233 937 277 937 321 937 365 937 408 936 452 936 496 935 540 934 583 933 627 932 671 931 715 929 758 928 802 928 846 927 890 927 933 926 977 927 1021 927 1065 928" 
                    HPOS="39"
                    VPOS="871"
                    WIDTH="1024"
                    HEIGHT="99">
            <Shape><Polygon POINTS="41 939 41 950 216 950 218 952 238 968 238 970 239 970 241 970 243 970 245 970 299 950 306 948 309 950 336 968 338 968 340 968 342 970 392 970 392 968 393 968 395 968 395 966 397 966 404 955 444 955 461 966 463 966 465 966 467 968 521 968 521 966 522 966 551 950 574 964 576 964 578 964 580 966 641 966 641 964 642 964 644 964 662 948 667 945 673 948 694 963 696 963 698 963 700 963 701 963 726 954 759 963 761 963 762 963 764 963 766 963 786 946 796 941 829 941 836 946 850 959 850 961 852 961 854 961 855 961 911 955 913 955 915 955 927 946 936 939 947 946 952 950 954 950 956 950 957 950 959 950 970 946 988 939 999 946 1015 955 1017 955 1018 955 1020 955 1063 945 1063 927 1058 878 1031 887 1017 878 1008 871 1006 871 1004 871 1002 871 940 873 938 873 925 878 898 891 888 878 884 877 884 875 882 875 880 875 854 875 852 875 850 875 848 875 848 877 845 880 829 895 744 886 743 886 741 886 718 895 685 880 676 877 675 877 673 877 671 877 669 877 664 880 635 898 594 882 592 882 590 882 589 882 553 893 526 882 522 880 521 880 519 880 517 880 512 882 478 891 456 882 451 880 449 880 447 880 445 880 438 882 410 889 384 882 381 882 379 882 377 882 376 882 374 882 347 902 286 893 284 893 282 893 252 903 238 891 238 889 236 889 234 889 232 889 153 907 125 907 94 886 93 886 91 886 39 886 41 939"/></Shape>
	    <String CONTENT="6 chair. + Ils seront 3 saints à l&#39;égard de"
                    HPOS="39"
                    VPOS="871"
                    WIDTH="1024"
                    HEIGHT="99"></String>
          </TextLine>

          
          
          <TextLine ID="r6l15"
                    TAGREFS="LT613"
                    BASELINE="190 1008 234 1006 279 1004 323 1003 368 1002 412 1000 457 999 501 998 546 996 590 995 635 995 679 993 724 993 768 992 813 991 857 991 902 990 946 990 991 990 1035 989 1097 994" 
                    HPOS="188"
                    VPOS="948"
                    WIDTH="907"
                    HEIGHT="79">
            <Shape><Polygon POINTS="189 1007 191 1027 227 1014 241 1025 243 1025 245 1025 247 1025 261 1025 431 1023 433 1023 436 1022 472 1005 553 1005 562 1013 562 1014 564 1014 565 1014 567 1014 569 1014 583 1007 596 1018 596 1020 598 1020 599 1020 601 1020 619 1018 750 1002 846 1009 848 1009 889 1000 902 1013 906 1014 906 1016 907 1016 909 1016 911 1016 913 1016 925 1011 956 1000 972 1011 981 1016 983 1016 984 1016 986 1016 988 1016 1015 1009 1054 1000 1092 1007 1095 993 1092 948 188 959 189 1007"/></Shape>
	    <String CONTENT="leur Dieu, et ils ne profaneront point son"
                    HPOS="188"
                    VPOS="948"
                    WIDTH="907"
                    HEIGHT="79"></String>
          </TextLine>

          
          
          <TextLine ID="r6l16"
                    TAGREFS="LT613"
                    BASELINE="192 1067 235 1067 283 1065 326 1064 369 1063 412 1063 455 1062 498 1061 541 1060 584 1059 628 1059 671 1058 714 1057 757 1055 800 1055 843 1054 886 1053 929 1052 972 1051 1015 1050 1059 1049" 
                    HPOS="189"
                    VPOS="1005"
                    WIDTH="869"
                    HEIGHT="79">
            <Shape><Polygon POINTS="191 1066 191 1077 302 1084 304 1084 306 1084 307 1084 307 1082 316 1075 322 1072 334 1075 350 1079 352 1079 354 1079 395 1074 427 1070 454 1072 530 1081 531 1081 610 1079 612 1079 614 1079 630 1068 637 1065 675 1068 755 1075 757 1075 759 1075 782 1066 789 1063 838 1065 932 1068 934 1068 963 1061 983 1057 995 1061 1022 1070 1024 1070 1026 1070 1027 1070 1058 1059 1058 1048 1054 1009 925 1016 906 1013 880 1005 879 1005 877 1005 875 1005 857 1013 848 1016 832 1014 796 1007 795 1007 793 1007 777 1014 768 1020 750 1016 723 1009 721 1009 719 1009 718 1009 716 1009 705 1016 700 1020 696 1016 691 1013 691 1011 689 1011 687 1011 685 1011 684 1011 666 1018 660 1020 635 1018 555 1013 553 1013 551 1013 535 1022 526 1025 510 1022 476 1014 474 1014 472 1014 470 1014 470 1016 463 1023 460 1025 444 1023 402 1018 401 1018 399 1018 397 1018 390 1025 388 1027 383 1025 368 1020 367 1020 365 1020 363 1020 361 1020 361 1022 356 1025 352 1031 189 1031 191 1066"/></Shape>
	    <String CONTENT="nom, ; car ils offrent les sacrifices du"
                    HPOS="189"
                    VPOS="1005"
                    WIDTH="869"
                    HEIGHT="79"></String>
          </TextLine>

          
          
          <TextLine ID="r6l17"
                    TAGREFS="LT613"
                    BASELINE="186 1125 243 1122 287 1121 331 1121 375 1121 419 1120 463 1120 507 1119 551 1119 595 1118 640 1117 684 1116 728 1115 772 1114 816 1113 860 1112 904 1111 948 1110 992 1108 1036 1107 1081 1106" 
                    HPOS="182"
                    VPOS="1059"
                    WIDTH="897"
                    HEIGHT="93">
            <Shape><Polygon POINTS="184 1124 184 1136 259 1152 261 1152 263 1152 265 1152 282 1138 299 1150 300 1150 302 1150 304 1150 306 1150 338 1134 345 1131 368 1131 372 1133 383 1143 383 1145 384 1145 386 1145 388 1145 390 1145 427 1133 436 1129 458 1131 573 1145 574 1145 576 1145 578 1145 578 1143 594 1129 608 1127 660 1124 719 1125 798 1129 800 1129 827 1124 843 1120 850 1124 884 1138 886 1138 888 1138 889 1138 891 1138 891 1136 907 1122 974 1136 975 1136 1047 1134 1049 1134 1079 1118 1079 1104 1072 1059 1047 1072 1026 1061 1024 1061 1022 1061 1020 1061 1018 1061 972 1077 945 1063 940 1061 938 1061 895 1061 893 1061 829 1063 827 1063 825 1063 825 1065 820 1068 805 1081 777 1081 768 1070 764 1068 764 1066 762 1066 761 1066 759 1066 757 1066 748 1070 725 1082 712 1072 705 1066 703 1066 701 1066 700 1066 698 1066 675 1074 639 1086 537 1086 521 1079 501 1070 499 1070 497 1070 496 1070 494 1070 494 1072 483 1081 478 1084 453 1081 431 1079 429 1079 427 1079 426 1079 422 1082 413 1090 388 1084 376 1081 374 1081 372 1081 259 1088 252 1088 216 1077 214 1077 213 1077 211 1077 182 1088 184 1124"/></Shape>
	    <String CONTENT="Seigneur, et les pains de leur Dieu, c&#39;est"
                    HPOS="182"
                    VPOS="1059"
                    WIDTH="897"
                    HEIGHT="93"></String>
          </TextLine>

          
          
          <TextLine ID="r6l18"
                    TAGREFS="LT613"
                    BASELINE="54 1208 240 1188 283 1187 327 1185 370 1184 414 1182 457 1181 500 1180 544 1179 587 1177 631 1175 674 1174 717 1173 761 1172 804 1171 848 1170 891 1169 934 1168 978 1168 1021 1167 1065 1167" 
                    HPOS="50"
                    VPOS="1113"
                    WIDTH="1013"
                    HEIGHT="114">
            <Shape><Polygon POINTS="818 1113 816 1113 814 1113 812 1113 812 1115 796 1129 796 1131 795 1129 764 1113 764 1115 746 1115 728 1115 710 1115 700 1115 678 1115 675 1116 673 1116 646 1118 644 1118 642 1118 612 1140 610 1142 553 1147 544 1143 506 1127 504 1127 503 1127 422 1133 420 1133 419 1133 397 1152 393 1154 390 1152 386 1149 386 1147 384 1147 383 1147 381 1147 257 1156 204 1147 202 1147 200 1147 166 1165 146 1174 93 1174 87 1168 73 1156 71 1156 69 1156 68 1156 66 1156 64 1156 50 1165 53 1206 53 1224 134 1213 173 1220 205 1226 207 1226 209 1226 211 1226 225 1217 241 1208 259 1215 290 1227 291 1227 293 1227 295 1227 329 1211 358 1197 444 1193 465 1204 488 1215 490 1215 492 1215 494 1215 521 1201 547 1186 580 1197 583 1199 585 1199 587 1199 589 1199 594 1197 603 1192 610 1195 624 1206 626 1206 628 1206 630 1206 632 1206 685 1192 709 1186 728 1190 735 1190 737 1190 739 1190 743 1188 773 1174 850 1183 900 1188 902 1188 1063 1170 1063 1165 1058 1116 863 1127 859 1127 820 1113 818 1113"/></Shape>
	    <String CONTENT="7 pourquoi ils seront saints. + et qu&#39;ils"
                    HPOS="50"
                    VPOS="1113"
                    WIDTH="1013"
                    HEIGHT="114"></String>
          </TextLine>

          
          
          <TextLine ID="r6l19"
                    TAGREFS="LT613"
                    BASELINE="186 1257 231 1254 276 1251 322 1249 367 1246 412 1244 458 1242 503 1240 548 1238 594 1237 639 1235 684 1234 730 1233 775 1232 820 1230 866 1229 911 1229 956 1228 1002 1228 1047 1228 1093 1228" 
                    HPOS="180"
                    VPOS="1174"
                    WIDTH="912"
                    HEIGHT="98">
            <Shape><Polygon POINTS="184 1256 184 1272 306 1254 431 1265 435 1265 436 1265 438 1265 479 1249 555 1260 556 1260 558 1260 560 1260 580 1245 614 1258 615 1258 617 1258 619 1258 649 1244 682 1256 687 1258 689 1258 691 1258 692 1258 694 1258 694 1256 696 1256 710 1242 730 1254 732 1256 734 1256 735 1256 737 1256 739 1256 746 1254 771 1244 778 1253 780 1253 780 1254 782 1254 784 1254 786 1254 845 1253 846 1253 848 1253 852 1251 870 1236 897 1245 898 1245 900 1245 992 1235 1008 1244 1015 1247 1017 1247 1018 1247 1092 1240 1092 1227 1090 1186 1034 1176 1033 1176 950 1177 949 1177 947 1177 947 1179 936 1190 900 1174 898 1174 897 1174 895 1174 854 1190 841 1181 839 1181 838 1181 692 1179 691 1179 689 1179 619 1201 619 1202 465 1206 424 1188 422 1188 420 1188 352 1190 350 1190 293 1213 266 1213 245 1193 243 1193 241 1193 239 1193 238 1193 180 1213 184 1256"/></Shape>
	    <String CONTENT="offrent les pains, qu&#39;on expose devant lui."
                    HPOS="180"
                    VPOS="1174"
                    WIDTH="912"
                    HEIGHT="98"></String>
          </TextLine>

          
        </TextBlock>
        
        <TextBlock HPOS="100"
                   VPOS="1275"
                   WIDTH="1028"
                   HEIGHT="854"
                   ID="eSc_textblock_4e67c061"
                   TAGREFS="BT1590">
          <Shape><Polygon POINTS="100 1293 100 2129 1128 2129 1128 1275"/></Shape>
          
          
          <TextLine ID="r6l20"
                    TAGREFS="LT613"
                    BASELINE="197 1344 241 1343 285 1342 329 1341 373 1340 417 1339 461 1338 506 1337 550 1335 594 1334 638 1333 682 1332 726 1330 770 1329 815 1327 859 1326 903 1325 947 1323 991 1322 1052 1322 1097 1320" 
                    HPOS="193"
                    VPOS="1276"
                    WIDTH="902"
                    HEIGHT="89">
            <Shape><Polygon POINTS="196 1342 196 1365 481 1349 560 1353 599 1355 601 1355 603 1355 605 1355 608 1351 619 1346 680 1349 757 1353 759 1353 809 1344 832 1340 845 1342 870 1349 872 1349 873 1349 1031 1346 1033 1346 1034 1346 1034 1344 1036 1344 1042 1337 1043 1335 1094 1335 1095 1319 1090 1281 907 1288 872 1283 827 1276 825 1276 823 1276 803 1283 786 1292 768 1285 764 1283 762 1283 761 1283 759 1283 757 1283 755 1285 741 1295 684 1295 628 1287 608 1283 607 1283 605 1283 603 1283 603 1285 599 1287 587 1297 544 1287 538 1287 537 1287 535 1287 533 1287 533 1288 519 1299 436 1288 433 1288 431 1288 429 1288 401 1303 365 1288 363 1288 361 1288 359 1288 193 1290 196 1342"/></Shape>
	    <String CONTENT="V. I. 1 Soit en touchant le mort, soit en entrant"
                    HPOS="193"
                    VPOS="1276"
                    WIDTH="902"
                    HEIGHT="89"></String>
          </TextLine>

          
          
          <TextLine ID="r6l21"
                    TAGREFS="LT613"
                    BASELINE="154 1396 188 1392 213 1392 239 1392 264 1391 289 1391 315 1390 340 1389 365 1388 391 1387 416 1386 441 1386 467 1385 492 1384 517 1383 543 1383 568 1383 608 1384" 
                    HPOS="152"
                    VPOS="1337"
                    WIDTH="455"
                    HEIGHT="68">
            <Shape><Polygon POINTS="153 1394 153 1405 605 1396 607 1383 605 1344 574 1337 573 1337 571 1337 569 1337 567 1337 553 1346 549 1347 538 1346 499 1338 497 1338 496 1338 476 1346 469 1351 152 1351 153 1394"/></Shape>
	    <String CONTENT="dans le lieu, où il est."
                    HPOS="152"
                    VPOS="1337"
                    WIDTH="455"
                    HEIGHT="68"></String>
          </TextLine>

          
          
          <TextLine ID="r6l22"
                    TAGREFS="LT613"
                    BASELINE="190 1437 237 1437 284 1437 331 1437 379 1436 426 1435 473 1433 521 1432 568 1430 615 1428 663 1426 710 1424 757 1421 805 1419 852 1417 899 1416 947 1414 994 1413 1041 1412 1089 1412" 
                    HPOS="188"
                    VPOS="1367"
                    WIDTH="900"
                    HEIGHT="90">
            <Shape><Polygon POINTS="528 1383 522 1383 506 1390 363 1387 349 1389 342 1389 313 1396 250 1392 241 1392 223 1392 205 1392 188 1392 189 1435 189 1449 245 1455 247 1455 248 1455 250 1455 257 1448 261 1446 265 1448 286 1457 288 1457 290 1457 291 1457 293 1457 304 1448 306 1446 313 1446 358 1453 359 1453 361 1453 377 1444 383 1442 390 1444 420 1453 422 1453 424 1453 476 1442 481 1440 483 1440 503 1451 504 1451 506 1451 508 1451 546 1439 549 1439 558 1439 637 1448 639 1448 700 1435 705 1433 707 1435 716 1442 716 1444 718 1444 719 1444 721 1446 759 1446 759 1444 818 1433 859 1440 861 1440 863 1440 898 1428 902 1428 916 1428 1060 1435 1061 1435 1063 1435 1088 1423 1088 1410 1085 1369 968 1376 931 1371 897 1367 895 1367 868 1372 829 1381 791 1374 768 1371 766 1371 735 1376 685 1385 655 1378 641 1374 639 1374 637 1374 635 1374 633 1374 628 1378 612 1389 553 1389 544 1383 528 1383"/></Shape>
	    <String CONTENT="V. IV 2 Les mots Ebreux sont obscurs, nôtre vulg."
                    HPOS="188"
                    VPOS="1367"
                    WIDTH="900"
                    HEIGHT="90"></String>
          </TextLine>

          
          
          <TextLine ID="r6l23"
                    TAGREFS="LT613"
                    BASELINE="155 1499 201 1497 248 1495 295 1493 342 1491 389 1489 436 1487 483 1484 530 1483 577 1480 624 1479 670 1477 717 1474 764 1473 811 1471 858 1469 905 1468 952 1466 999 1465 1046 1464 1093 1463" 
                    HPOS="150"
                    VPOS="1419"
                    WIDTH="942"
                    HEIGHT="100">
            <Shape><Polygon POINTS="153 1498 155 1519 204 1503 304 1501 322 1510 324 1510 325 1510 327 1510 358 1500 383 1510 384 1510 386 1510 388 1510 390 1510 435 1496 474 1507 476 1507 478 1507 479 1507 521 1505 522 1505 524 1505 524 1503 526 1503 533 1494 599 1501 607 1501 608 1501 610 1501 614 1501 667 1487 692 1496 694 1496 696 1496 761 1483 798 1492 803 1494 805 1494 807 1494 809 1494 811 1494 812 1492 829 1482 873 1491 882 1491 884 1491 900 1489 975 1476 1090 1480 1092 1462 1088 1426 907 1432 904 1430 889 1419 888 1419 886 1419 884 1419 882 1419 854 1432 803 1421 802 1421 800 1421 764 1435 752 1439 741 1435 710 1424 709 1424 707 1424 648 1428 646 1428 623 1439 610 1444 506 1442 429 1440 427 1440 401 1444 374 1449 361 1446 336 1439 334 1439 333 1439 150 1451 153 1498"/></Shape>
	    <String CONTENT="fait un bon sens, qui est même appuié par les plus"
                    HPOS="150"
                    VPOS="1419"
                    WIDTH="942"
                    HEIGHT="100"></String>
          </TextLine>

          
          
          <TextLine ID="r6l24"
                    TAGREFS="LT613"
                    BASELINE="129 1573 206 1543 253 1542 300 1540 347 1538 394 1536 441 1535 488 1533 535 1531 582 1530 629 1528 676 1526 723 1525 770 1523 817 1521 864 1520 911 1517 958 1516 1005 1513 1052 1512 1099 1510" 
                    HPOS="125"
                    VPOS="1462"
                    WIDTH="972"
                    HEIGHT="118">
            <Shape><Polygon POINTS="1085 1464 1067 1464 1049 1464 1031 1464 1013 1464 1009 1464 1002 1469 852 1473 850 1473 809 1483 752 1471 744 1473 737 1473 719 1485 644 1483 642 1483 641 1483 639 1483 639 1485 637 1485 630 1494 619 1487 617 1487 615 1487 614 1487 612 1487 610 1487 589 1501 542 1483 540 1483 538 1483 537 1483 535 1483 501 1508 488 1498 487 1498 485 1498 483 1498 481 1498 460 1505 442 1489 440 1489 438 1489 436 1489 435 1489 390 1510 354 1496 352 1496 350 1496 349 1496 306 1508 288 1501 286 1501 284 1501 155 1512 153 1512 152 1512 125 1532 128 1571 130 1580 196 1562 478 1551 479 1551 503 1539 533 1555 547 1562 549 1562 551 1562 553 1562 555 1562 565 1553 580 1542 666 1548 692 1548 694 1548 696 1548 703 1544 723 1535 814 1537 872 1539 873 1539 875 1539 895 1534 922 1525 931 1530 932 1532 934 1532 936 1532 938 1532 1097 1519 1097 1508 1092 1462 1085 1464"/></Shape>
	    <String CONTENT="sçavans Rabbins et par l&#39;ancienne version Syria¬"
                    HPOS="125"
                    VPOS="1462"
                    WIDTH="972"
                    HEIGHT="118"></String>
          </TextLine>

          
          
          <TextLine ID="r6l25"
                    TAGREFS="LT613"
                    BASELINE="154 1625 215 1594 262 1592 309 1589 356 1587 402 1585 449 1583 496 1581 543 1579 589 1577 636 1576 683 1574 730 1572 776 1570 823 1568 870 1567 917 1565 963 1563 1010 1562 1057 1559 1116 1561" 
                    HPOS="148"
                    VPOS="1514"
                    WIDTH="967"
                    HEIGHT="120">
            <Shape><Polygon POINTS="153 1623 157 1634 180 1616 315 1609 333 1621 334 1621 336 1621 338 1621 340 1621 342 1621 342 1619 358 1605 395 1612 397 1612 399 1612 465 1594 521 1593 538 1607 540 1609 542 1609 544 1609 546 1609 547 1609 555 1605 585 1593 641 1600 648 1600 649 1600 651 1600 655 1598 680 1587 757 1591 759 1591 761 1591 762 1591 764 1591 780 1578 793 1589 795 1589 796 1589 798 1589 990 1576 992 1576 999 1575 1036 1564 1113 1566 1115 1560 1110 1514 769 1539 768 1539 730 1528 728 1528 726 1528 725 1528 723 1528 701 1544 700 1544 637 1532 635 1532 633 1532 603 1548 573 1532 571 1532 569 1532 567 1532 565 1532 565 1534 547 1551 515 1535 513 1535 512 1535 510 1535 508 1535 478 1555 436 1542 435 1542 433 1542 297 1551 225 1568 182 1562 180 1562 179 1562 177 1562 148 1580 153 1623"/></Shape>
	    <String CONTENT="que. Plusieurs Juifs neanmoins qui ont été sui¬"
                    HPOS="148"
                    VPOS="1514"
                    WIDTH="967"
                    HEIGHT="120"></String>
          </TextLine>

          
          
          <TextLine ID="r6l26"
                    TAGREFS="LT613"
                    BASELINE="159 1646 220 1646 266 1643 313 1641 359 1638 405 1636 452 1634 498 1632 544 1629 591 1627 637 1625 683 1623 730 1621 776 1619 822 1617 869 1615 915 1614 961 1613 1008 1611 1054 1610 1101 1610" 
                    HPOS="155"
                    VPOS="1566"
                    WIDTH="944"
                    HEIGHT="104">
            <Shape><Polygon POINTS="173 1614 155 1623 157 1645 162 1670 168 1661 223 1666 245 1668 247 1668 248 1668 250 1668 250 1666 252 1664 265 1655 320 1662 347 1664 349 1664 350 1664 352 1664 352 1662 356 1661 361 1655 429 1657 490 1657 492 1657 494 1657 496 1657 496 1655 499 1653 506 1646 521 1652 537 1657 538 1657 540 1657 542 1657 574 1650 589 1646 612 1648 673 1652 675 1652 676 1652 678 1652 678 1650 680 1650 684 1645 687 1641 698 1643 728 1650 730 1650 798 1639 827 1634 838 1637 863 1645 864 1645 866 1645 868 1645 913 1634 923 1630 931 1632 957 1641 959 1641 961 1641 963 1641 965 1641 965 1639 974 1630 1099 1623 1099 1609 1095 1575 1020 1566 1018 1566 891 1584 873 1585 872 1584 855 1573 854 1573 852 1573 850 1573 848 1573 825 1585 823 1587 821 1585 800 1575 798 1575 796 1575 730 1576 728 1576 685 1591 680 1594 538 1598 526 1598 444 1587 442 1587 356 1603 345 1605 334 1605 266 1598 265 1598 263 1598 243 1609 239 1611 177 1611 173 1614"/></Shape>
	    <String CONTENT="vis par quelques nouveaux traducteurs entendent"
                    HPOS="155"
                    VPOS="1566"
                    WIDTH="944"
                    HEIGHT="104"></String>
          </TextLine>

          
          
          <TextLine ID="r6l27"
                    TAGREFS="LT613"
                    BASELINE="164 1702 210 1700 257 1697 304 1695 351 1692 398 1689 445 1687 492 1684 539 1681 586 1679 633 1676 679 1674 726 1672 773 1671 820 1669 867 1667 914 1666 961 1665 1008 1665 1055 1665 1102 1665" 
                    HPOS="159"
                    VPOS="1623"
                    WIDTH="942"
                    HEIGHT="95">
            <Shape><Polygon POINTS="162 1700 162 1718 342 1714 343 1714 350 1713 384 1700 395 1711 397 1711 399 1711 401 1713 444 1713 444 1711 487 1709 488 1709 490 1709 490 1707 494 1705 504 1695 519 1704 522 1707 524 1707 526 1707 528 1707 530 1707 531 1707 531 1705 533 1705 535 1704 538 1698 549 1704 555 1705 556 1705 558 1705 560 1705 569 1702 594 1691 648 1698 676 1702 678 1702 680 1702 701 1696 739 1686 769 1693 782 1695 784 1695 786 1695 796 1691 827 1682 846 1689 863 1695 864 1695 866 1695 902 1693 904 1693 906 1693 906 1691 913 1686 922 1679 1101 1679 1101 1664 1097 1632 959 1623 957 1623 866 1639 821 1628 820 1628 818 1628 691 1634 689 1634 687 1634 687 1636 673 1648 655 1636 653 1636 651 1636 649 1636 648 1636 623 1648 585 1637 583 1637 581 1637 580 1637 578 1637 560 1648 506 1641 504 1641 503 1641 442 1657 438 1659 288 1662 286 1662 265 1652 263 1652 261 1652 259 1652 257 1652 257 1653 245 1664 222 1652 220 1652 218 1652 216 1652 159 1666 162 1700"/></Shape>
	    <String CONTENT="cela du mari, qui ne doit point s rendre immon¬"
                    HPOS="159"
                    VPOS="1623"
                    WIDTH="942"
                    HEIGHT="95"></String>
          </TextLine>

          
          
          <TextLine ID="r6l28"
                    TAGREFS="LT613"
                    BASELINE="160 1757 205 1755 251 1752 297 1750 343 1747 389 1744 435 1741 480 1738 526 1735 572 1732 618 1728 664 1726 710 1723 756 1721 801 1718 847 1716 893 1714 939 1713 985 1712 1031 1712 1077 1712" 
                    HPOS="155"
                    VPOS="1668"
                    WIDTH="921"
                    HEIGHT="109">
            <Shape><Polygon POINTS="159 1755 159 1777 377 1768 401 1763 453 1752 528 1755 596 1757 598 1757 599 1757 601 1757 610 1748 623 1739 673 1736 748 1734 773 1738 816 1747 818 1747 820 1747 868 1732 880 1729 911 1729 975 1730 977 1730 979 1730 997 1723 1002 1721 1009 1721 1056 1730 1058 1730 1060 1730 1061 1730 1076 1720 1076 1711 1072 1677 1026 1668 1024 1668 1022 1668 1020 1668 1020 1670 1008 1680 1008 1682 959 1684 956 1684 938 1671 936 1671 934 1671 932 1671 931 1671 929 1671 913 1686 911 1686 848 1689 843 1687 814 1677 812 1677 811 1677 809 1677 750 1693 737 1695 719 1693 630 1686 628 1686 626 1686 624 1686 610 1698 608 1700 605 1698 576 1689 574 1689 573 1689 571 1689 546 1702 542 1704 538 1702 524 1691 522 1691 521 1691 519 1691 517 1691 461 1705 445 1709 433 1707 413 1702 411 1702 410 1702 408 1702 383 1709 368 1713 363 1709 345 1700 343 1700 342 1700 340 1700 338 1700 324 1711 320 1714 306 1713 268 1705 266 1705 155 1718 159 1755"/></Shape>
	    <String CONTENT="de pour la mort de sa femme. Il y a dans la"
                    HPOS="155"
                    VPOS="1668"
                    WIDTH="921"
                    HEIGHT="109"></String>
          </TextLine>

          
          
          <TextLine ID="r6l29"
                    TAGREFS="LT613"
                    BASELINE="163 1810 208 1809 254 1806 299 1804 345 1801 391 1797 436 1795 482 1792 527 1788 573 1785 619 1781 664 1778 710 1775 755 1772 801 1769 847 1766 892 1764 938 1761 983 1759 1029 1757 1075 1755" 
                    HPOS="159"
                    VPOS="1716"
                    WIDTH="915"
                    HEIGHT="116">
            <Shape><Polygon POINTS="162 1809 164 1832 193 1818 216 1829 218 1829 220 1829 222 1829 234 1827 316 1813 331 1820 334 1822 336 1822 338 1822 340 1822 349 1818 379 1809 445 1811 481 1813 483 1813 485 1813 506 1807 546 1797 562 1804 569 1806 571 1806 573 1806 646 1797 750 1784 759 1790 768 1795 769 1795 771 1795 773 1795 870 1790 872 1790 891 1779 898 1775 904 1777 923 1786 925 1786 927 1786 1074 1764 1074 1754 1069 1716 952 1732 923 1725 909 1721 907 1721 906 1721 904 1721 902 1721 902 1723 900 1723 898 1727 891 1736 873 1729 863 1725 861 1725 859 1725 857 1725 855 1725 855 1727 850 1730 843 1736 836 1730 832 1729 830 1729 829 1729 827 1729 825 1729 823 1729 818 1732 805 1741 762 1736 753 1736 752 1736 750 1736 748 1736 748 1738 746 1738 739 1745 723 1739 705 1734 703 1734 701 1734 700 1734 685 1741 678 1745 658 1743 614 1739 612 1739 610 1739 608 1739 599 1748 598 1750 592 1748 574 1741 573 1741 571 1741 569 1741 567 1741 551 1750 538 1759 454 1763 422 1759 368 1754 367 1754 365 1754 340 1766 329 1770 318 1766 290 1759 288 1759 286 1759 284 1759 259 1772 252 1775 159 1777 162 1809"/></Shape>
	    <String CONTENT="paraphr. Cald. que le Prince ne se rende point"
                    HPOS="159"
                    VPOS="1716"
                    WIDTH="915"
                    HEIGHT="116"></String>
          </TextLine>

          
          
          <TextLine ID="r6l30"
                    TAGREFS="LT613"
                    BASELINE="165 1861 221 1857 267 1854 313 1851 359 1849 405 1847 451 1844 496 1841 542 1839 588 1837 634 1834 680 1831 726 1829 772 1827 817 1824 863 1821 909 1819 955 1816 1001 1813 1047 1810 1093 1807" 
                    HPOS="161"
                    VPOS="1766"
                    WIDTH="931"
                    HEIGHT="108">
            <Shape><Polygon POINTS="164 1859 164 1874 411 1859 427 1861 465 1868 467 1868 469 1868 470 1868 470 1866 472 1866 478 1859 479 1856 515 1854 528 1856 565 1863 567 1863 719 1854 721 1854 744 1843 753 1840 762 1843 778 1850 780 1850 782 1850 1092 1824 1092 1806 1085 1766 1052 1779 1031 1772 1029 1772 1027 1772 984 1781 975 1773 972 1770 970 1770 968 1770 966 1770 965 1770 956 1775 934 1786 877 1779 848 1777 846 1777 845 1777 834 1782 811 1793 778 1786 759 1782 757 1782 755 1782 741 1788 718 1798 675 1793 658 1791 657 1791 655 1791 653 1791 649 1795 637 1802 617 1797 598 1791 596 1791 594 1791 592 1791 590 1791 581 1798 573 1806 556 1800 537 1795 535 1795 533 1795 488 1798 487 1798 485 1798 485 1800 478 1806 469 1813 438 1807 415 1806 413 1806 411 1806 410 1806 410 1807 408 1807 406 1811 401 1818 345 1820 324 1816 293 1809 291 1809 290 1809 263 1820 248 1825 230 1822 196 1815 195 1815 193 1815 161 1825 164 1859"/></Shape>
	    <String CONTENT="immonde à cause de son peuple, c&#39;est à dire qu&#39;il"
                    HPOS="161"
                    VPOS="1766"
                    WIDTH="931"
                    HEIGHT="108"></String>
          </TextLine>

          
          
          <TextLine ID="r6l31"
                    TAGREFS="LT613"
                    BASELINE="177 1908 223 1906 269 1904 316 1902 362 1900 409 1898 455 1896 502 1893 548 1891 595 1889 641 1886 687 1884 734 1881 780 1879 827 1876 873 1873 920 1871 966 1868 1013 1865 1059 1862 1106 1859" 
                    HPOS="171"
                    VPOS="1822"
                    WIDTH="933"
                    HEIGHT="111">
            <Shape><Polygon POINTS="175 1906 175 1922 205 1933 207 1933 209 1933 290 1918 333 1926 334 1926 336 1926 361 1913 365 1911 370 1913 399 1922 401 1922 402 1922 404 1922 406 1922 424 1909 431 1904 496 1904 499 1906 504 1911 504 1913 506 1913 508 1913 510 1913 512 1913 528 1904 530 1904 544 1904 607 1906 608 1906 610 1906 612 1906 617 1900 624 1895 639 1899 658 1904 660 1904 662 1904 664 1904 692 1897 707 1893 755 1893 889 1895 891 1895 893 1895 895 1895 895 1893 897 1893 902 1886 904 1883 909 1886 911 1888 913 1888 915 1888 916 1888 934 1884 966 1877 981 1883 1002 1890 1004 1890 1006 1890 1072 1888 1074 1888 1104 1875 1104 1858 1097 1822 1070 1832 1000 1827 968 1825 966 1825 965 1825 954 1831 932 1841 825 1845 798 1840 777 1836 775 1836 773 1836 771 1836 764 1841 753 1849 710 1845 660 1841 658 1841 657 1841 655 1841 642 1849 639 1852 637 1850 630 1843 628 1843 626 1843 624 1843 623 1843 594 1852 576 1858 560 1854 530 1849 528 1849 526 1849 490 1859 474 1863 463 1861 436 1854 435 1854 433 1854 431 1854 393 1865 379 1868 367 1866 331 1859 329 1859 209 1865 207 1865 171 1875 175 1906"/></Shape>
	    <String CONTENT="n&#39;assiste point à leurs funerailles, mais comme"
                    HPOS="171"
                    VPOS="1822"
                    WIDTH="933"
                    HEIGHT="111"></String>
          </TextLine>

          
          
          <TextLine ID="r6l32"
                    TAGREFS="LT613"
                    BASELINE="175 1957 220 1955 266 1953 312 1951 358 1949 404 1947 450 1944 496 1942 542 1940 588 1937 634 1935 679 1932 725 1929 771 1926 817 1924 863 1921 909 1919 955 1916 1001 1913 1047 1910 1093 1907" 
                    HPOS="170"
                    VPOS="1870"
                    WIDTH="922"
                    HEIGHT="111">
            <Shape><Polygon POINTS="173 1956 173 1976 272 1981 273 1981 275 1981 277 1981 295 1969 307 1961 402 1958 424 1961 467 1970 469 1970 470 1970 503 1958 512 1954 521 1956 565 1965 567 1965 684 1947 716 1942 728 1943 768 1952 769 1952 771 1952 773 1952 793 1940 798 1936 816 1938 880 1947 882 1947 884 1947 916 1933 920 1931 922 1933 936 1943 938 1943 940 1943 941 1943 1020 1927 1054 1938 1056 1938 1058 1938 1060 1938 1092 1922 1092 1906 1086 1870 170 1918 173 1956"/></Shape>
	    <String CONTENT="il s&#39;agit ici des sacrificateurs, il ne faut point"
                    HPOS="170"
                    VPOS="1870"
                    WIDTH="922"
                    HEIGHT="111"></String>
          </TextLine>

          
          
          <TextLine ID="r6l33"
                    TAGREFS="LT613"
                    BASELINE="178 2010 224 2007 270 2005 316 2002 362 2000 408 1997 454 1994 500 1991 546 1988 592 1985 638 1983 684 1980 730 1977 776 1974 822 1972 868 1969 914 1967 960 1964 1006 1962 1052 1960 1104 1962" 
                    HPOS="173"
                    VPOS="1922"
                    WIDTH="930"
                    HEIGHT="98">
            <Shape><Polygon POINTS="177 2008 177 2020 467 2011 469 2011 470 2011 470 2010 472 2010 481 1999 521 2006 530 2008 531 2008 533 2008 540 2006 580 1994 701 1997 703 1997 829 1981 956 1986 966 1986 968 1986 975 1986 1045 1970 1099 1979 1103 1961 1101 1931 1043 1922 1042 1922 1040 1922 1038 1922 1038 1924 1036 1924 1029 1934 1011 1926 1009 1926 1008 1926 952 1938 938 1926 936 1926 934 1926 932 1926 931 1926 877 1940 841 1931 839 1931 838 1931 836 1931 787 1947 718 1936 716 1936 714 1936 712 1936 712 1938 700 1951 678 1940 676 1940 675 1940 580 1956 504 1947 503 1947 501 1947 499 1947 499 1949 487 1961 440 1952 438 1952 356 1969 324 1956 322 1956 320 1956 318 1956 281 1972 281 1974 173 1977 177 2008"/></Shape>
	    <String CONTENT="entendre par le mot de Prince celui qui com¬"
                    HPOS="173"
                    VPOS="1922"
                    WIDTH="930"
                    HEIGHT="98"></String>
          </TextLine>

          
          
          <TextLine ID="r6l34"
                    TAGREFS="LT613"
                    BASELINE="181 2058 216 2057 252 2056 287 2054 323 2052 359 2050 394 2048 430 2046 466 2044 501 2041 537 2039 573 2036 608 2034 644 2031 680 2029 715 2026 751 2024 787 2021 822 2019 858 2016 904 2017" 
                    HPOS="177"
                    VPOS="1974"
                    WIDTH="725"
                    HEIGHT="98">
            <Shape><Polygon POINTS="474 1992 472 1992 470 1992 431 2011 427 2013 304 2019 300 2019 250 2006 248 2006 234 2006 177 2024 180 2056 180 2072 900 2031 902 2015 898 1986 809 1986 782 1974 780 1974 778 1974 705 1979 703 1979 701 1979 684 1995 657 1983 655 1983 653 1983 651 1983 649 1983 626 1997 571 1986 569 1986 567 1986 565 1986 565 1988 549 2004 549 2006 526 2006 524 2006 476 1992 474 1992"/></Shape>
	    <String CONTENT="mande, mais le grand sacrificateur."
                    HPOS="177"
                    VPOS="1974"
                    WIDTH="725"
                    HEIGHT="98"></String>
          </TextLine>

          
          
          <TextLine ID="r6l35"
                    TAGREFS="LT613"
                    BASELINE="233 2099 298 2095 339 2094 380 2092 422 2091 463 2090 504 2088 546 2086 587 2084 628 2083 670 2081 711 2079 752 2076 793 2074 835 2071 876 2068 917 2065 959 2062 1000 2058 1041 2055 1083 2050" 
                    HPOS="229"
                    VPOS="2008"
                    WIDTH="852"
                    HEIGHT="114">
            <Shape><Polygon POINTS="633 2031 624 2038 605 2049 583 2042 580 2040 578 2040 576 2040 574 2040 573 2040 571 2042 562 2051 551 2044 547 2040 546 2040 544 2040 542 2040 540 2040 538 2040 538 2042 535 2045 524 2053 460 2049 404 2047 390 2049 384 2049 377 2056 372 2060 361 2056 340 2051 336 2051 318 2053 309 2053 229 2065 232 2097 234 2122 358 2122 358 2121 359 2121 383 2112 401 2106 415 2110 451 2121 453 2121 454 2121 456 2121 487 2105 494 2103 512 2105 578 2110 580 2110 581 2110 603 2097 610 2094 614 2097 628 2108 630 2108 632 2108 633 2108 889 2096 891 2096 929 2078 932 2076 938 2078 961 2083 963 2083 965 2083 1081 2067 1081 2049 1074 2008 1038 2010 1036 2010 1034 2010 1015 2028 949 2028 931 2017 925 2015 923 2015 922 2015 920 2015 918 2015 915 2019 888 2033 803 2029 802 2029 800 2029 784 2038 766 2029 761 2026 759 2026 757 2026 719 2028 718 2028 716 2028 716 2029 712 2033 700 2045 671 2045 653 2037 642 2031 641 2031 633 2031"/></Shape>
	    <String CONTENT="V. VI 3 Cette sainteté consistoit à observer les"
                    HPOS="229"
                    VPOS="2008"
                    WIDTH="852"
                    HEIGHT="114"></String>
          </TextLine>

          
        </TextBlock>
        

        
      </PrintSpace>
    </Page>
  </Layout>
</alto>
