1102 2055
154 58 865 99 chemin sans nous detourner ni à droit

22 114 1004 89 28 ni à gauche. + Vendés nous des vivres

147 169 893 98 pour notre nourriture; donnés nous de

161 232 889 100 l'eau pour de l'argent, afin que nous ay¬

166 297 884 86 ons de quoi boire; accordée nous seulement

25 359 1034 96 29 le passage, + Comme ont fait les descen¬

154 422 879 88 dans d'Esau, qui habitent en Seir, et les

138 489 926 81 Moabites, dont la demeure est à Ar, jusqu'à

154 549 886 86 ce qu'ayant atteint le Jourdain nous pas¬

150 611 881 85 sions dans le pais que le  Seigneur nôtre

11 678 1051 89 30 Dieu vous doit donner. + Sehon Roy d'He¬

154 744 879 83 sebon ne voulut point nous accorder le

142 799 879 94 passage, parce que le Seigneur vôtre Dieu

164 861 879 82 lui avoit endurci l'esprit, et lui avoit af¬

155 921 857 96 fermi le cœur, afin qu'il fut livré entre

164 989 867 79 nos mains, comme vous le voyés presente¬

11 1044 1022 98 31 ment, + et le Seigneur me dit: Voici que

169 1114 883 76 j'ai commencé à vous livrer Sehon, avec son

166 1178 884 84 pais; commencés à vous en mettre en posses¬

11 1239 1048 74 32 sion. + Sehon marchant à nôtre rencon¬

173 1292 858 86 tre avec tout son peuple donna la bataille

11 1346 1015 104 33 à Jafa. + Le Seigneur nôtre Dieu nous

166 1411 872 104 le livra, et nous le defîmes avec ses fils,

13 1476 1041 96 34 et tout son peuple. + Nous primes alors tou¬

173 1539 874 96 tes ses villes, tüant les habitans, les hommes,

161 1596 875 130 les femmes et les petits enfans, sans y laisser

8 1666 1030 123 35 aucun en vie, + à la reserve des bestes, qui

171 1724 853 116 furent pour ceux, qui les pillerent, et des

11 1789 1041 115 36 dépoüilles des villes que nous prîmes. + depuis

181 1868 855 92 Aroer, qui est sur le bord du torrent d'Ar¬

186 1929 876 91 non et la ville, qui est sitüeé dans la val¬
