1184 2151
204 26 895 85 à son image: il le crea 22 à son somage. Il crea

55 77 1044 73 28 vn masle et vne femelle. + Il les benit leur

197 120 934 98 disant: 23 croissés, multipliés, remplissés la terre

200 170 917 98 et vous l'assujettissés: soyés maîtres des poissons

200 225 917 88 de la 24 mer, des oiseaux du ciel, et de toute sorte

60 276 1061 87 29 de bestes, qui remuent sur la terre. + Dieu

204 320 922 108 dit aussi: Je vous ai donné toute sorte d'herbe,

211 376 908 97 qui porte graine sur la terre, et tous les arbres,

211 428 931 93 qui ont semence en eux mêmes selon leurs espé¬

62 485 1077 76 30 ces pour vous servir de nourriture. + et a tou¬

213 534 910 77 tes les bestes de la terre, et à tous les oiseaux du

209 584 915 82 ciel, et à tout ce qui se remuë sur la terre, et

209 641 919 76 qui a vie, 25 afin qu'ils ayent dequoi se mourir:

62 691 1057 74 31 cela fût fait. + Dieu vit tout ce qu'il avoit

200 740 906 63 fait, et il étoit tres bon, et d'un soir et d'un

197 790 653 72 matin fût fait le sixiéme jour.

145 878 961 79 ont crû, que le Pere parle à son Fils, et ils se sont

147 933 868 69 servis de ce passage pour établir la Trinité

174 984 945 71 V. XXVII 21 Il y a dans l'Ebreu le mot d'Adam, qui

147 1036 801 66 se prend pour l'homme et la femme.

260 1084 864 75 22 Lett. à l'image de Dieu. Les  Ebreux au lieu

152 1134 971 83 de mettre vn pronom relatif, repetent souvent le nom

150 1200 497 85 substantif, qui precede.

190 1229 924 90 V. XXVIII 23 Ce n'est pas un commandement, mais

152 1292 976 81 une explication de la benediction, que Dieu leur donne.

299 1351 818 99 24 Le mot de mer signifie en Ebreu tout lieu,

161 1435 561 68 où il y a un amas d'eau.

197 1464 922 99 V. XXX 25 Il y a dans l'Ebreu toute herbe verte pour

154 1541 183 63 manger.

461 1606 344 100 Chapitre II.

69 1682 1043 110 1 Le ciel et la terre furent donc achevés avec

64 1762 1021 82 2 tout leur ornement, + et Dieu 2 acheua le

165 1842 959 75 V. 1 Le mot Ebreu signifie aussi année: ce qui marque,

147 1887 945 72 que toutes leurs parties sont en bon ordre, comme une

141 1934 542 68 armée rangée en bataille.

175 1962 922 88 V. II 2 c avoit achevé le mot de septieme est ici la

147 2018 927 97 même chose, que sicieme, et cette façon de parler
