1167 2121
26 68 1080 87 12 + Il dit aussi à Benjamin: le bien aimé du

185 38 937 55 que ceux qui les haissent 17 ne s'elevent jamais:

162 137 934 78 Seigneur habitera avec confiance 18 en lui,

167 197 932 80 19 et il demeurera tout le jour comme dans la

178 258 914 83 chambre où il couche, 20 et il reposera sur

30 319 1083 98 13 ses épaules. + Il dit aussi à Joseph: 21 son pais

171 394 916 79 aura la benediction du Seigneur, sçavoir

178 457 911 80 des fruits du ciel, de la rosée, et des sources

24 519 1082 92 14 qui sont sous la terre: + Des fruits que pro¬

24 581 1051 95 15 duisent le soleeil, et la lune, + de ceux des

175 646 947 94 montagnes anciennes, et des collines, 22 qui sont

19 698 1057 102 16 de tout teḿs, + des grains de la terre, et

182 772 928 97 de son abondance; que la benediction de ce¬

176 848 904 79 lui qui a apparu dans le buisson, vienne

167 910 923 79 sur la tête de Joseph, et sur le haut de la

183 965 909 100 tête de celui qui a été un 23 Nazaréen entre

24 1035 1075 76 17 ses freres. + Il est beau comme 24 le premier

238 1118 863 80 15 Ebr. à vôtre nés, C. devant vous, comme il y a dans

143 1150 958 101 le paraphrase Chald. Les Sept. et le S. Jerome ont traduit

144 1214 920 85 en un autre sens le même mot Ebreu: dans vôtre

148 1258 133 65 colere.

178 1299 511 79 V. XI 16 Ebr. percés les reins.

277 1348 794 76 17. C. qu'ils tombent sans pouvoir jamais se

144 1399 161 53 relever.

185 1433 898 81 V. XII. 18 Ebr. Auprés de lui, c. auprés du Seigneur, ou

146 1482 301 45 avec le Seigneur.

270 1509 813 76 19 Il y a seulement à la lettre dans l'Ebreu:

144 1553 936 85 le couvrant tout le jour, C. le protegeant continüel¬

152 1599 903 94 lement. 20 Ebr. et il demeurera entre ses épaules, c. les

150 1654 942 90 épaules de Dieu, c'est une expression metaphorique pour

141 1705 750 67 dir, qu'il sera soutenu et appuyé de lui.

194 1751 866 90 V. XIII 21 On peut aussi traduire sur l'Ebreu: son

144 1809 946 76 pais sera beni du Seigneur pour  les choses precieuses du

148 1864 941 89 ciel etc. tout cela marque la grande fertilité et ab¬

157 1907 346 65 ondance du pais.

235 1946 854 81 V. XV 22 Lett. eternelles, C. qui ont été dés com¬

164 1995 909 81 mencement du monde, et le mot d'anciennes signifie

166 2034 394 69 aussi la même chose.
