<?xml version="1.0" encoding="UTF-8"?>
<alto xmlns:xsi="http://www.w3.org/2001/XMLSchema-instance"
      xmlns="http://www.loc.gov/standards/alto/ns-v4#"
      xsi:schemaLocation="http://www.loc.gov/standards/alto/ns-v4# http://www.loc.gov/standards/alto/v4/alto-4-2.xsd">
  <Description>
    <MeasurementUnit>pixel</MeasurementUnit>
    <sourceImageInformation>
      <fileName>0005_Blatt.303_1.jpg</fileName>
      
    </sourceImageInformation>
  </Description>
  
  <Tags>
    <OtherTag ID="BT1594" LABEL="RunningTitle" DESCRIPTION="block type RunningTitle"/><OtherTag ID="BT1595" LABEL="MarginTextZone:apparatus" DESCRIPTION="block type MarginTextZone:apparatus"/><OtherTag ID="BT1596" LABEL="NumberingZone" DESCRIPTION="block type NumberingZone"/><OtherTag ID="BT1597" LABEL="MainZone" DESCRIPTION="block type MainZone"/><OtherTag ID="BT1598" LABEL="QuireMarksZone" DESCRIPTION="block type QuireMarksZone"/>
    <OtherTag ID="LT615" LABEL="DefaultLine" DESCRIPTION="line type DefaultLine"/><OtherTag ID="LT616" LABEL="HeadingLine" DESCRIPTION="line type HeadingLine"/>
  </Tags>
  
  <Layout>
    <Page WIDTH="1180"
          HEIGHT="2029"
          PHYSICAL_IMG_NR="4"
          ID="eSc_dummypage_">
      <PrintSpace HPOS="0"
                  VPOS="0"
                  WIDTH="1180"
                  HEIGHT="2029">
        
        <TextBlock HPOS="10"
                   VPOS="12"
                   WIDTH="1115"
                   HEIGHT="502"
                   ID="eSc_textblock_69705a5d"
                   TAGREFS="BT1597">
          <Shape><Polygon POINTS="10 12 10 514 1125 511 1125 12"/></Shape>
          
          
          <TextLine ID="r6l1"
                    TAGREFS="LT615"
                    BASELINE="158 61 204 62 251 63 298 63 345 63 392 63 439 62 486 61 533 60 580 59 627 58 673 57 720 57 767 56 814 56 861 56 908 57 955 58 1002 60 1049 62 1096 65" 
                    HPOS="155"
                    VPOS="3"
                    WIDTH="940"
                    HEIGHT="84">
            <Shape><Polygon POINTS="1036 3 1019 3 1002 3 985 3 968 3 951 3 934 3 917 3 909 3 907 3 905 3 890 16 870 3 866 3 849 3 832 5 816 5 807 5 794 15 766 5 765 5 748 5 731 5 707 11 672 5 663 5 646 5 629 5 628 5 611 11 602 5 595 5 578 5 577 5 570 8 560 6 545 6 528 6 511 6 504 6 502 8 485 6 477 6 463 6 452 16 452 18 397 18 397 16 385 6 375 6 365 6 331 16 328 18 208 18 206 16 194 8 192 8 191 8 189 8 157 15 157 60 155 76 330 86 331 86 333 86 335 86 348 76 353 74 392 74 401 76 440 86 441 86 443 86 492 76 506 72 514 76 543 86 545 86 546 86 604 74 617 72 621 74 628 81 628 82 629 82 631 82 633 82 672 74 675 74 680 74 727 87 729 87 731 87 733 87 734 87 751 74 753 74 755 74 805 82 807 82 895 74 898 74 900 74 942 87 944 87 946 87 948 87 992 77 1044 87 1046 87 1047 87 1093 72 1095 64 1095 20 1036 3 1036 3"/></Shape>
	    <String CONTENT="lée jusqu&#39;à Galaad, il n&#39;y a eu ni village"
                    HPOS="155"
                    VPOS="3"
                    WIDTH="940"
                    HEIGHT="84"></String>
          </TextLine>

          
          
          <TextLine ID="r6l2"
                    TAGREFS="LT615"
                    BASELINE="174 127 220 127 267 127 313 126 360 125 406 124 453 123 499 122 546 121 592 119 639 118 685 117 732 117 778 116 825 116 871 117 918 118 964 120 1011 122 1057 124 1119 131" 
                    HPOS="170"
                    VPOS="67"
                    WIDTH="947"
                    HEIGHT="88">
            <Shape><Polygon POINTS="172 126 170 148 350 150 352 150 353 150 355 150 355 148 357 148 363 142 382 148 387 150 389 150 391 150 392 150 397 148 433 135 477 135 490 148 492 148 492 150 494 150 496 150 497 150 499 150 501 150 502 148 509 143 514 148 518 152 519 152 521 152 523 152 524 152 538 148 560 142 589 148 609 152 611 152 612 152 614 152 614 150 617 148 626 140 638 147 639 147 641 147 643 147 645 147 646 147 658 136 677 145 678 145 680 145 682 145 704 136 770 147 792 150 794 150 795 150 802 147 807 143 809 147 816 152 816 153 817 153 819 153 821 155 821 153 822 153 824 153 824 152 831 147 839 138 883 147 888 147 890 147 892 147 893 147 909 138 1113 145 1117 130 1115 87 1091 87 1091 86 1073 71 1073 69 1071 69 1069 69 971 69 970 69 968 69 966 69 949 84 932 71 932 69 931 69 929 69 927 69 839 76 821 67 819 67 775 67 773 67 771 67 743 81 692 67 690 67 689 67 497 74 496 74 494 74 494 76 487 81 487 82 485 81 455 67 453 67 452 67 450 67 413 81 404 82 172 79 172 126"/></Shape>
	    <String CONTENT="ni ville, qui nous ayant échappé. Le Seig¬"
                    HPOS="170"
                    VPOS="67"
                    WIDTH="947"
                    HEIGHT="88"></String>
          </TextLine>

          
          
          <TextLine ID="r6l3"
                    TAGREFS="LT615"
                    BASELINE="168 189 213 189 258 189 304 189 349 188 394 187 440 186 485 185 530 184 576 183 621 182 666 181 712 180 757 179 802 178 848 178 893 179 938 179 984 180 1029 182 1075 184" 
                    HPOS="165"
                    VPOS="130"
                    WIDTH="908"
                    HEIGHT="77">
            <Shape><Polygon POINTS="167 187 167 207 1071 199 1073 182 1068 130 1029 140 959 131 958 131 956 131 954 131 953 131 953 133 944 142 892 142 871 131 865 130 863 130 861 130 860 130 858 130 858 131 856 133 848 140 731 135 668 131 667 131 636 135 594 142 575 136 558 131 556 131 555 131 553 131 541 136 531 142 482 138 423 133 421 133 419 133 397 138 380 143 375 140 367 133 365 133 363 133 362 133 360 133 358 133 350 140 345 143 165 143 167 187"/></Shape>
	    <String CONTENT="neur notre Dieu nous les a livrées toutes"
                    HPOS="165"
                    VPOS="130"
                    WIDTH="908"
                    HEIGHT="77"></String>
          </TextLine>

          
          
          <TextLine ID="r6l4"
                    TAGREFS="LT615"
                    BASELINE="25 255 215 250 262 251 308 252 355 252 401 251 448 250 494 249 541 247 587 246 634 244 680 243 727 241 773 240 820 240 866 239 913 239 959 240 1006 242 1052 244 1099 247" 
                    HPOS="22"
                    VPOS="189"
                    WIDTH="1076"
                    HEIGHT="86">
            <Shape><Polygon POINTS="23 253 23 273 492 275 494 275 496 275 497 275 509 265 511 265 524 265 623 273 624 273 677 263 687 262 717 262 902 270 904 270 1000 260 1027 268 1029 268 1031 268 1098 255 1098 246 1097 196 739 189 738 189 736 189 721 197 714 191 714 189 712 189 711 189 650 189 648 189 497 192 496 192 494 192 482 202 416 192 414 192 111 207 94 207 93 207 79 197 77 197 76 197 74 197 22 207 23 253"/></Shape>
	    <String CONTENT="37 + excepté le pais des Ammonites, dont nous"
                    HPOS="22"
                    VPOS="189"
                    WIDTH="1076"
                    HEIGHT="86"></String>
          </TextLine>

          
          
          <TextLine ID="r6l5"
                    TAGREFS="LT615"
                    BASELINE="168 317 213 317 259 317 305 317 351 316 396 315 442 313 488 312 534 310 579 308 625 306 671 305 717 302 762 301 808 300 854 299 900 298 945 298 991 298 1037 299 1083 300" 
                    HPOS="165"
                    VPOS="248"
                    WIDTH="916"
                    HEIGHT="93">
            <Shape><Polygon POINTS="167 316 167 336 287 331 292 334 299 339 301 339 303 339 304 339 358 333 414 341 416 341 531 328 534 328 538 328 604 338 606 338 607 338 609 338 609 336 623 324 624 324 631 324 709 336 711 336 712 336 760 324 871 333 873 333 951 321 963 331 964 331 966 331 968 331 1064 329 1066 329 1068 329 1068 328 1081 312 1081 299 1080 257 998 248 997 248 909 257 878 260 839 258 738 251 736 251 734 251 719 258 709 263 687 260 653 253 651 253 607 260 577 265 565 260 556 257 555 257 553 257 504 262 428 268 408 262 401 260 399 260 311 260 309 260 308 260 306 260 303 263 292 270 260 263 248 262 247 262 245 262 238 263 218 272 209 263 208 263 208 262 206 262 204 262 203 262 165 263 167 316"/></Shape>
	    <String CONTENT="ne sommes point approchés, et tout ce qui"
                    HPOS="165"
                    VPOS="248"
                    WIDTH="916"
                    HEIGHT="93"></String>
          </TextLine>

          
          
          <TextLine ID="r6l6"
                    TAGREFS="LT615"
                    BASELINE="159 382 204 381 250 381 295 380 341 379 387 378 432 376 478 375 523 374 569 372 615 371 660 369 706 368 751 366 797 365 843 364 888 363 934 362 979 361 1025 360 1071 360" 
                    HPOS="154"
                    VPOS="312"
                    WIDTH="915"
                    HEIGHT="93">
            <Shape><Polygon POINTS="157 380 157 397 357 405 358 405 360 405 362 405 362 404 374 393 428 400 430 400 487 392 501 402 502 402 504 402 506 402 507 402 509 402 528 390 777 395 778 395 780 395 812 383 826 393 827 393 829 393 831 393 927 392 1032 388 1034 388 1069 375 1069 358 1066 319 961 321 954 319 932 312 931 312 929 312 863 321 827 324 802 321 760 314 758 314 756 314 731 321 707 328 678 322 655 317 653 317 651 317 641 322 626 331 568 331 529 322 506 319 504 319 502 319 484 324 455 331 445 324 441 321 440 321 438 321 436 321 435 321 426 324 404 334 336 324 326 324 325 324 154 326 157 380"/></Shape>
	    <String CONTENT="est le long du torrent de Jeboc et les villes"
                    HPOS="154"
                    VPOS="312"
                    WIDTH="915"
                    HEIGHT="93"></String>
          </TextLine>

          
          
          <TextLine ID="r6l7"
                    TAGREFS="LT615"
                    BASELINE="172 445 217 443 263 442 308 441 354 440 400 438 445 436 491 435 536 433 582 432 628 430 673 429 719 427 764 426 810 425 856 424 901 423 947 423 992 423 1038 422 1084 423" 
                    HPOS="169"
                    VPOS="371"
                    WIDTH="914"
                    HEIGHT="99">
            <Shape><Polygon POINTS="170 444 170 463 316 470 318 470 375 459 391 470 392 470 394 470 396 470 463 458 487 468 489 468 490 468 492 468 521 456 521 454 606 454 705 453 736 461 738 461 739 461 741 461 771 449 775 449 777 449 807 461 809 461 810 461 875 453 944 459 946 459 1056 456 1058 456 1083 442 1083 422 1081 382 1042 371 1041 371 1039 371 1037 371 1015 383 936 377 934 377 738 390 734 390 724 382 724 380 722 380 721 380 719 380 651 392 623 382 621 382 619 382 617 382 572 393 523 383 521 383 453 392 382 387 380 387 379 387 353 399 352 399 194 392 192 392 191 392 169 400 170 444"/></Shape>
	    <String CONTENT="des montagnes, 9 et tous les lieux, que le"
                    HPOS="169"
                    VPOS="371"
                    WIDTH="914"
                    HEIGHT="99"></String>
          </TextLine>

          
          
          <TextLine ID="r6l8"
                    TAGREFS="LT615"
                    BASELINE="146 500 166 500 199 501 233 501 266 501 300 501 333 500 367 499 400 498 434 497 467 496 500 495 534 493 567 492 601 491 634 490 668 488 701 487 735 486 768 485 823 494" 
                    HPOS="143"
                    VPOS="442"
                    WIDTH="679"
                    HEIGHT="83">
            <Shape><Polygon POINTS="143 525 821 525 822 493 822 454 788 444 787 444 785 444 783 444 751 453 731 444 729 444 601 444 599 444 568 451 548 454 534 449 519 444 518 444 516 444 514 444 512 444 506 449 496 454 384 448 362 446 360 446 353 446 297 454 270 444 269 444 267 444 265 444 264 444 262 444 226 454 220 446 218 446 218 444 216 444 215 444 213 444 211 444 182 453 147 442 145 498 143 525"/></Shape>
	    <String CONTENT="Seigneur nous a defendus."
                    HPOS="143"
                    VPOS="442"
                    WIDTH="679"
                    HEIGHT="83"></String>
          </TextLine>

          
        </TextBlock>
        
        <TextBlock HPOS="114"
                   VPOS="524"
                   WIDTH="993"
                   HEIGHT="114"
                   ID="eSc_textblock_4355b999"
                   TAGREFS="BT1595">
          <Shape><Polygon POINTS="114 524 114 638 300 638 429 630 517 638 1107 638 1107 524"/></Shape>
          
          
          <TextLine ID="r6l9"
                    TAGREFS="LT615"
                    BASELINE="154 563 200 562 247 561 293 560 340 559 387 558 433 557 480 557 526 556 573 556 620 555 666 555 713 554 759 554 806 554 853 554 899 553 946 553 992 553 1039 553 1086 552" 
                    HPOS="150"
                    VPOS="512"
                    WIDTH="935"
                    HEIGHT="78">
            <Shape><Polygon POINTS="152 561 152 590 196 588 198 588 199 588 199 586 211 576 231 588 233 588 235 590 291 590 291 588 292 588 294 588 296 586 308 578 335 586 338 586 340 586 341 586 343 586 347 585 363 578 474 581 558 585 560 585 562 585 563 585 563 583 568 579 572 576 585 579 617 585 619 585 621 585 651 576 680 569 687 576 695 583 697 583 699 583 700 585 775 585 775 583 777 583 778 583 778 581 787 573 790 569 799 573 822 581 824 581 826 581 827 581 846 571 854 568 878 571 920 576 922 576 924 576 926 576 932 569 937 566 1083 566 1085 551 1081 519 643 512 641 512 639 512 619 522 617 522 611 522 528 514 526 514 524 514 523 514 523 515 514 522 313 515 311 515 150 525 152 561"/></Shape>
	    <String CONTENT="V. XXXVII 9 La particule et n&#39;est point dans l&#39;Ebreu,"
                    HPOS="150"
                    VPOS="512"
                    WIDTH="935"
                    HEIGHT="78"></String>
          </TextLine>

          
          
          <TextLine ID="r6l10"
                    TAGREFS="LT615"
                    BASELINE="135 620 182 621 230 620 278 619 326 618 373 617 421 615 469 613 517 611 564 609 612 607 660 605 708 603 755 601 803 600 851 598 899 598 946 598 994 598 1042 599 1090 600" 
                    HPOS="132"
                    VPOS="554"
                    WIDTH="956"
                    HEIGHT="98">
            <Shape><Polygon POINTS="1003 554 929 556 927 556 926 556 926 557 924 557 919 564 851 557 849 557 848 557 846 557 824 571 787 559 785 559 783 559 782 559 780 559 763 573 760 574 690 574 675 574 656 563 655 563 653 563 651 563 650 563 612 576 604 578 601 576 585 566 584 566 582 566 580 566 477 578 443 581 430 578 382 568 380 568 379 568 377 568 377 569 365 579 360 585 316 585 313 581 301 571 299 571 297 571 296 571 294 571 269 581 260 585 252 581 225 573 223 573 221 573 220 573 218 573 206 583 203 586 194 583 179 576 177 576 176 576 132 583 133 618 133 652 338 652 340 652 352 647 392 625 452 625 470 642 479 649 479 650 480 650 482 650 484 652 531 652 531 650 744 645 746 645 748 645 748 644 760 632 771 617 868 617 888 627 890 627 892 627 893 627 929 615 978 625 985 625 987 625 988 625 990 625 990 623 1009 613 1085 620 1088 598 1086 568 1005 554 1003 554"/></Shape>
	    <String CONTENT="et elle signifie ici c&#39;est à dire, étant explicative."
                    HPOS="132"
                    VPOS="554"
                    WIDTH="956"
                    HEIGHT="98"></String>
          </TextLine>

          
        </TextBlock>
        
        <TextBlock HPOS="16"
                   VPOS="627"
                   WIDTH="1109"
                   HEIGHT="1276"
                   ID="eSc_textblock_65eecd85"
                   TAGREFS="BT1597">
          <Shape><Polygon POINTS="26 666 16 1900 1125 1903 1123 658 525 651 430 627 290 661"/></Shape>
          
          
          <TextLine ID="r6l11"
                    TAGREFS="LT616"
                    BASELINE="306 749 387 744 413 740 438 736 464 734 489 731 515 730 540 730 566 729 592 729 617 729 643 729 668 729 694 729 719 729 745 728 771 726" 
                    HPOS="301"
                    VPOS="626"
                    WIDTH="469"
                    HEIGHT="148">
            <Shape><Polygon POINTS="304 774 482 774 484 774 485 774 507 760 528 749 568 755 573 755 575 755 577 755 580 754 602 745 607 752 611 754 611 755 612 755 614 755 616 755 617 755 619 755 626 750 639 742 717 740 726 742 741 749 743 749 744 750 744 749 746 749 770 738 770 725 763 657 712 669 704 662 683 647 682 647 680 647 678 647 677 647 658 654 639 645 638 645 636 645 634 645 633 645 606 666 563 652 562 652 485 652 484 652 482 652 480 652 457 631 417 626 345 654 301 705 304 747"/></Shape>
	    <String CONTENT="Chapitre III."
                    HPOS="301"
                    VPOS="626"
                    WIDTH="469"
                    HEIGHT="148"></String>
          </TextLine>

          
          
          <TextLine ID="r6l12"
                    TAGREFS="LT615"
                    BASELINE="52 815 209 820 255 818 301 817 347 815 393 814 438 813 484 812 530 811 576 810 622 809 667 808 713 807 759 807 805 806 851 805 896 804 942 804 988 803 1034 802 1080 801" 
                    HPOS="49"
                    VPOS="737"
                    WIDTH="1029"
                    HEIGHT="111">
            <Shape><Polygon POINTS="50 814 50 825 130 823 133 825 155 845 155 847 157 847 159 847 160 848 209 848 209 847 211 847 213 847 213 845 221 836 247 847 248 847 250 848 362 848 362 847 363 847 365 847 365 845 385 825 421 845 423 845 424 845 426 845 480 828 526 831 528 831 529 831 531 831 531 830 540 823 540 821 541 823 580 842 582 842 680 845 682 845 683 845 707 835 805 843 807 843 809 843 849 820 853 820 1078 820 1078 799 1076 757 1037 740 1036 740 1034 740 1032 740 1031 740 1031 742 1024 747 948 737 946 737 944 737 942 737 927 749 915 738 915 737 914 737 912 737 870 737 868 737 866 737 865 737 829 760 812 772 766 762 765 762 763 762 761 762 719 771 707 762 695 754 694 754 692 754 690 754 689 754 687 754 687 755 678 762 667 774 531 765 477 762 475 762 474 762 462 765 441 774 431 767 428 764 426 764 424 764 423 764 421 764 414 767 399 776 321 776 311 769 309 767 308 767 306 767 304 767 303 767 296 769 265 776 237 771 237 769 203 740 201 740 199 740 98 740 96 740 94 740 93 740 49 767 50 814"/></Shape>
	    <String CONTENT="1 Nous partimes en suite, prenant le"
                    HPOS="49"
                    VPOS="737"
                    WIDTH="1029"
                    HEIGHT="111"></String>
          </TextLine>

          
          
          <TextLine ID="r6l13"
                    TAGREFS="LT615"
                    BASELINE="177 882 223 881 269 881 316 880 362 880 409 879 455 878 501 877 548 877 594 876 641 875 687 874 733 874 780 873 826 872 873 872 919 871 965 870 1012 870 1058 870 1105 869" 
                    HPOS="174"
                    VPOS="811"
                    WIDTH="929"
                    HEIGHT="100">
            <Shape><Polygon POINTS="176 880 176 896 341 894 343 894 389 904 391 904 392 904 394 904 409 892 431 907 433 907 435 907 436 907 438 907 474 894 489 907 489 909 490 909 492 909 494 911 519 911 519 909 565 907 567 907 568 907 590 891 611 907 612 907 614 907 616 907 617 907 641 897 673 906 675 906 677 906 678 906 707 891 721 904 721 906 722 906 724 906 726 907 749 907 749 906 751 906 809 887 861 904 863 904 865 904 866 904 868 904 895 885 942 885 976 902 978 902 980 902 1103 880 1103 867 1098 831 1078 831 1076 831 1046 811 1044 811 1042 811 993 811 992 811 990 811 988 811 988 813 970 831 941 813 939 813 937 813 868 813 866 813 826 814 824 814 822 814 822 816 802 833 802 835 799 833 761 821 760 821 758 821 756 821 755 821 739 833 716 826 714 826 712 826 634 836 611 838 606 836 575 823 573 823 572 823 570 823 534 833 474 820 472 820 470 820 468 820 438 838 435 840 431 838 409 828 408 828 406 828 404 828 384 838 379 842 330 842 328 840 319 831 319 830 318 830 316 830 314 830 313 830 311 830 296 840 287 845 248 845 245 840 230 828 230 826 228 826 226 826 225 826 223 826 174 840 176 880"/></Shape>
	    <String CONTENT="chemin de BAsan; et Og Roy de Basan"
                    HPOS="174"
                    VPOS="811"
                    WIDTH="929"
                    HEIGHT="100"></String>
          </TextLine>

          
          
          <TextLine ID="r6l14"
                    TAGREFS="LT615"
                    BASELINE="162 949 208 948 255 947 301 946 348 945 394 944 441 943 487 942 534 941 580 940 627 939 673 938 720 937 766 936 813 936 859 935 906 934 952 934 999 934 1045 933 1092 933" 
                    HPOS="159"
                    VPOS="884"
                    WIDTH="932"
                    HEIGHT="94">
            <Shape><Polygon POINTS="160 948 160 978 377 973 379 973 380 973 380 972 382 972 389 965 399 972 406 977 408 977 409 977 411 978 475 978 475 977 477 977 501 968 507 965 512 967 531 977 533 977 534 977 536 977 560 965 580 957 609 963 646 973 648 973 650 973 768 972 770 972 771 972 788 958 795 951 834 951 841 957 854 967 856 967 858 967 860 967 861 967 898 953 912 950 926 953 954 960 956 960 958 960 1002 950 1003 950 1005 950 1020 963 1020 965 1022 965 1024 965 1025 965 1027 965 1029 965 1029 963 1044 948 1091 946 1091 931 1090 892 1075 885 1073 885 1071 885 1069 885 1051 894 1044 899 975 899 971 896 958 885 958 884 956 884 954 884 909 884 907 884 905 884 876 899 871 901 865 899 829 887 827 887 826 887 824 887 822 887 807 901 805 902 717 904 712 902 692 889 690 889 689 889 687 889 685 889 650 899 628 894 626 894 624 894 623 894 621 894 607 904 604 906 590 904 540 899 538 899 536 899 509 906 502 907 474 907 463 907 450 896 450 894 448 894 446 894 445 894 443 894 402 907 379 897 377 897 375 897 374 897 345 909 343 911 340 911 308 896 306 896 304 896 226 904 192 897 191 897 189 897 159 911 160 948"/></Shape>
	    <String CONTENT="sortit à notre rencontre avec son peuple"
                    HPOS="159"
                    VPOS="884"
                    WIDTH="932"
                    HEIGHT="94"></String>
          </TextLine>

          
          
          <TextLine ID="r6l15"
                    TAGREFS="LT615"
                    BASELINE="37 1027 212 1016 258 1014 304 1013 351 1012 397 1011 443 1010 489 1009 536 1008 582 1007 628 1006 674 1006 721 1005 767 1005 813 1005 859 1005 906 1005 952 1006 998 1006 1044 1007 1091 1008" 
                    HPOS="32"
                    VPOS="948"
                    WIDTH="1058"
                    HEIGHT="105">
            <Shape><Polygon POINTS="35 1026 35 1038 133 1038 135 1038 154 1053 155 1053 157 1053 159 1053 160 1053 220 1038 237 1033 248 1036 284 1050 286 1050 287 1050 382 1034 384 1034 385 1034 436 1044 438 1044 440 1044 441 1044 441 1043 443 1043 452 1033 484 1043 485 1043 487 1043 489 1043 512 1033 773 1033 775 1033 777 1033 778 1033 778 1031 783 1028 790 1019 844 1012 902 1021 904 1021 905 1021 942 1011 958 1024 959 1024 959 1026 961 1026 963 1026 964 1026 966 1026 968 1026 971 1024 992 1011 1088 1021 1090 1007 1086 955 1014 948 1012 948 1010 948 990 958 978 965 856 967 839 960 812 950 810 950 809 950 807 950 805 950 788 962 775 972 677 973 656 963 636 955 634 955 633 955 631 955 629 955 617 965 614 967 602 965 568 960 567 960 565 960 551 967 541 972 533 967 524 960 523 960 521 960 519 960 518 960 494 967 479 972 472 968 467 963 465 963 463 963 462 963 424 968 399 972 325 970 223 968 221 968 199 973 118 992 32 977 35 1026"/></Shape>
	    <String CONTENT="2 pour donner bataille en Edrai. + Et le"
                    HPOS="32"
                    VPOS="948"
                    WIDTH="1058"
                    HEIGHT="105"></String>
          </TextLine>

          
          
          <TextLine ID="r6l16"
                    TAGREFS="LT615"
                    BASELINE="172 1078 218 1078 264 1078 310 1078 356 1077 402 1077 448 1076 494 1075 540 1075 586 1074 632 1074 678 1073 724 1072 770 1072 816 1071 862 1071 908 1071 954 1071 1000 1071 1046 1072 1093 1072" 
                    HPOS="169"
                    VPOS="1028"
                    WIDTH="922"
                    HEIGHT="81">
            <Shape><Polygon POINTS="170 1077 170 1099 237 1109 238 1109 347 1099 365 1097 369 1099 394 1109 396 1109 397 1109 399 1109 401 1109 401 1107 411 1097 413 1097 418 1097 470 1105 472 1105 516 1097 526 1095 536 1097 585 1107 587 1107 589 1107 614 1097 616 1095 619 1097 641 1107 643 1107 645 1109 787 1109 787 1107 788 1107 831 1095 836 1093 838 1095 854 1105 856 1105 858 1105 860 1107 1020 1107 1020 1105 1022 1105 1024 1105 1024 1104 1036 1093 1090 1093 1091 1071 1090 1038 1002 1028 1000 1028 998 1028 980 1038 860 1038 831 1028 829 1028 827 1028 782 1038 780 1038 771 1038 477 1029 475 1029 474 1029 472 1029 457 1039 455 1039 448 1039 325 1031 323 1031 228 1039 196 1031 194 1031 192 1031 191 1031 169 1039 170 1077"/></Shape>
	    <String CONTENT="Seigneur me dit: ne le craignés point: car"
                    HPOS="169"
                    VPOS="1028"
                    WIDTH="922"
                    HEIGHT="81"></String>
          </TextLine>

          
          
          <TextLine ID="r6l17"
                    TAGREFS="LT615"
                    BASELINE="178 1142 222 1142 267 1141 312 1141 357 1141 402 1141 446 1141 491 1140 536 1140 581 1140 626 1140 670 1140 715 1140 760 1140 805 1140 850 1140 894 1140 939 1139 984 1139 1029 1139 1074 1139" 
                    HPOS="176"
                    VPOS="1093"
                    WIDTH="897"
                    HEIGHT="73">
            <Shape><Polygon POINTS="177 1141 182 1161 187 1154 433 1154 441 1161 448 1166 450 1166 452 1166 453 1166 548 1161 670 1153 695 1161 709 1164 711 1164 712 1164 761 1161 809 1156 819 1161 824 1163 826 1163 827 1163 829 1163 831 1163 834 1159 843 1154 892 1159 931 1164 932 1164 934 1164 936 1164 941 1159 951 1153 959 1159 964 1164 966 1164 968 1164 970 1164 971 1164 987 1159 1005 1154 1015 1159 1022 1164 1024 1164 1025 1164 1027 1164 1029 1164 1031 1164 1031 1163 1034 1159 1041 1154 1069 1159 1073 1137 1069 1104 1014 1104 1010 1102 997 1093 995 1093 993 1093 992 1093 990 1093 988 1093 975 1102 973 1104 964 1102 915 1093 914 1093 912 1093 910 1093 898 1102 897 1104 888 1102 838 1093 836 1093 794 1102 783 1104 773 1102 727 1093 726 1093 658 1102 628 1107 546 1107 538 1102 528 1095 526 1095 524 1095 523 1095 521 1095 501 1102 487 1107 411 1107 401 1102 384 1095 382 1095 380 1095 176 1100 177 1141"/></Shape>
	    <String CONTENT="je l&#39;ai livré vos mains avec tout"
                    HPOS="176"
                    VPOS="1093"
                    WIDTH="897"
                    HEIGHT="73"></String>
          </TextLine>

          
          
          <TextLine ID="r6l18"
                    TAGREFS="LT615"
                    BASELINE="165 1209 212 1209 259 1208 306 1208 353 1208 401 1207 448 1207 495 1207 542 1206 589 1206 637 1206 684 1205 731 1205 778 1205 825 1205 873 1205 920 1205 967 1205 1014 1205 1061 1206 1109 1207" 
                    HPOS="162"
                    VPOS="1158"
                    WIDTH="946"
                    HEIGHT="77">
            <Shape><Polygon POINTS="164 1208 167 1234 182 1222 231 1232 243 1234 245 1234 257 1232 287 1225 321 1230 341 1234 343 1234 345 1234 347 1234 350 1230 360 1222 389 1230 402 1234 404 1234 406 1234 431 1229 453 1225 463 1229 475 1234 477 1234 479 1235 560 1235 560 1234 562 1234 563 1234 563 1232 570 1227 572 1225 577 1227 601 1234 602 1234 604 1234 606 1234 628 1227 646 1220 670 1225 689 1230 690 1230 692 1230 694 1230 716 1225 734 1220 739 1225 746 1230 746 1232 748 1232 749 1232 751 1232 788 1224 809 1220 836 1224 893 1230 895 1230 934 1222 941 1220 942 1222 953 1230 953 1232 954 1232 956 1232 958 1232 1107 1219 1108 1205 1107 1168 1068 1158 1066 1158 1064 1158 1063 1158 1034 1168 995 1158 993 1158 992 1158 853 1168 805 1158 804 1158 802 1158 800 1158 800 1159 790 1170 738 1170 705 1158 704 1158 702 1158 601 1170 560 1159 558 1159 556 1159 477 1171 413 1171 391 1159 389 1159 387 1159 385 1159 384 1159 372 1171 289 1171 277 1161 275 1161 274 1161 272 1161 270 1161 240 1170 194 1159 192 1159 191 1159 162 1170 164 1208"/></Shape>
	    <String CONTENT="son peuple, et son pais; et vous lui ferés"
                    HPOS="162"
                    VPOS="1158"
                    WIDTH="946"
                    HEIGHT="77"></String>
          </TextLine>

          
          
          <TextLine ID="r6l19"
                    TAGREFS="LT615"
                    BASELINE="172 1271 216 1271 261 1270 306 1270 351 1270 396 1269 441 1269 486 1268 531 1267 576 1267 621 1266 665 1266 710 1265 755 1265 800 1264 845 1264 890 1264 935 1264 980 1264 1025 1264 1070 1264" 
                    HPOS="169"
                    VPOS="1215"
                    WIDTH="900"
                    HEIGHT="78">
            <Shape><Polygon POINTS="170 1269 170 1286 345 1293 347 1293 408 1285 433 1281 443 1285 465 1291 467 1291 468 1293 616 1293 616 1291 617 1291 619 1291 619 1290 621 1290 628 1281 634 1281 695 1290 697 1290 699 1290 700 1290 700 1288 709 1281 711 1279 714 1281 731 1286 733 1286 734 1286 844 1279 876 1278 880 1279 893 1286 895 1286 897 1288 897 1286 898 1286 914 1278 915 1278 927 1278 1025 1288 1027 1288 1029 1288 1069 1276 1069 1263 1066 1227 1041 1230 1034 1227 1022 1217 1020 1217 1019 1217 1017 1217 1015 1217 993 1227 987 1230 983 1227 970 1215 968 1215 966 1215 904 1215 902 1215 846 1229 831 1232 827 1229 814 1217 812 1217 810 1217 758 1217 756 1217 755 1217 753 1217 733 1230 727 1234 689 1234 687 1230 673 1219 673 1217 672 1217 670 1217 619 1217 617 1217 616 1217 587 1232 582 1235 453 1235 452 1234 441 1225 440 1225 438 1225 436 1225 435 1225 433 1225 424 1234 423 1235 326 1235 323 1234 304 1222 303 1222 301 1222 299 1222 297 1222 252 1235 248 1237 169 1237 170 1269"/></Shape>
	    <String CONTENT="comme vous avés fait à Sehon Roi des"
                    HPOS="169"
                    VPOS="1215"
                    WIDTH="900"
                    HEIGHT="78"></String>
          </TextLine>

          
          
          <TextLine ID="r6l20"
                    TAGREFS="LT615"
                    BASELINE="178 1331 223 1332 268 1332 314 1332 359 1332 405 1332 450 1331 495 1331 541 1330 586 1329 632 1329 677 1328 722 1327 768 1327 813 1326 859 1326 904 1325 949 1325 995 1325 1040 1326 1086 1326" 
                    HPOS="176"
                    VPOS="1276"
                    WIDTH="909"
                    HEIGHT="81">
            <Shape><Polygon POINTS="177 1330 177 1345 372 1345 374 1345 385 1354 387 1354 389 1354 391 1354 392 1354 418 1345 426 1344 435 1345 479 1357 480 1357 482 1357 568 1345 585 1344 590 1345 611 1356 612 1356 614 1356 731 1345 790 1340 800 1345 817 1354 819 1354 821 1354 1083 1344 1085 1325 1083 1290 1061 1276 1059 1276 1058 1276 1056 1276 1054 1276 1032 1288 1005 1278 1003 1278 1002 1278 1000 1278 998 1278 983 1290 968 1276 966 1276 964 1276 963 1276 961 1276 959 1276 949 1285 941 1278 941 1276 939 1276 937 1276 882 1276 880 1276 878 1276 876 1276 876 1278 863 1290 589 1278 587 1278 585 1278 553 1291 516 1285 514 1285 375 1293 350 1279 348 1279 347 1279 282 1293 269 1281 269 1279 267 1279 265 1279 196 1279 194 1279 192 1279 191 1279 176 1290 177 1330"/></Shape>
	    <String CONTENT="Amorrhéens, qui habitoit à Hesebon."
                    HPOS="176"
                    VPOS="1276"
                    WIDTH="909"
                    HEIGHT="81"></String>
          </TextLine>

          
          
          <TextLine ID="r6l21"
                    TAGREFS="LT615"
                    BASELINE="24 1395 209 1393 255 1395 301 1395 347 1396 393 1396 439 1395 486 1394 532 1393 578 1392 624 1391 670 1390 716 1389 762 1388 809 1388 855 1388 901 1388 947 1389 993 1391 1039 1393 1086 1396" 
                    HPOS="22"
                    VPOS="1334"
                    WIDTH="1063"
                    HEIGHT="89">
            <Shape><Polygon POINTS="23 1394 23 1408 211 1408 216 1410 233 1421 235 1421 237 1421 238 1421 240 1421 272 1411 282 1408 297 1411 353 1423 355 1423 357 1423 384 1411 385 1411 392 1411 453 1420 455 1420 457 1420 458 1420 470 1413 480 1406 497 1413 521 1421 523 1421 524 1421 526 1421 553 1413 555 1413 563 1413 623 1418 624 1418 626 1418 628 1418 628 1416 631 1413 638 1408 665 1415 687 1418 689 1418 690 1418 692 1418 697 1415 709 1408 722 1415 738 1421 739 1421 741 1421 743 1421 761 1415 785 1406 799 1415 809 1421 810 1421 812 1421 814 1421 816 1421 834 1415 868 1403 883 1416 887 1420 888 1420 890 1420 892 1420 1085 1416 1085 1394 1081 1342 959 1349 948 1342 934 1334 932 1334 931 1334 929 1334 876 1342 834 1350 822 1344 809 1334 807 1334 805 1334 761 1334 760 1334 758 1334 756 1334 739 1344 731 1349 717 1344 689 1334 687 1334 685 1334 683 1334 663 1344 661 1345 643 1345 553 1339 551 1339 550 1339 548 1339 540 1345 529 1354 431 1354 411 1347 391 1339 389 1339 299 1335 297 1335 262 1337 260 1337 259 1337 259 1339 248 1347 238 1339 237 1339 235 1339 233 1339 231 1339 230 1339 230 1340 221 1347 169 1337 167 1337 165 1337 164 1337 150 1349 142 1356 22 1350 23 1394"/></Shape>
	    <String CONTENT="3 + Le Seigneur donc nôtre Dieu livra aussi"
                    HPOS="22"
                    VPOS="1334"
                    WIDTH="1063"
                    HEIGHT="89"></String>
          </TextLine>

          
          
          <TextLine ID="r6l22"
                    TAGREFS="LT615"
                    BASELINE="167 1459 213 1461 260 1462 307 1463 354 1463 400 1463 447 1463 494 1463 541 1462 587 1461 634 1460 681 1460 728 1459 774 1459 821 1458 868 1458 915 1459 961 1460 1008 1461 1055 1463 1102 1466" 
                    HPOS="165"
                    VPOS="1405"
                    WIDTH="935"
                    HEIGHT="86">
            <Shape><Polygon POINTS="165 1457 165 1482 201 1472 267 1481 269 1481 270 1481 272 1481 284 1471 338 1482 341 1482 343 1482 345 1482 347 1482 360 1476 367 1482 370 1486 372 1486 374 1486 375 1487 470 1487 470 1486 472 1486 480 1482 497 1472 514 1482 524 1487 526 1487 528 1489 567 1489 567 1487 568 1487 570 1487 570 1486 577 1482 582 1476 594 1481 607 1487 609 1487 611 1487 612 1487 614 1487 623 1481 633 1474 648 1481 663 1487 665 1487 667 1487 668 1487 687 1481 709 1474 724 1481 738 1487 739 1487 741 1487 743 1487 758 1481 763 1479 768 1481 787 1489 788 1489 790 1489 792 1489 816 1481 831 1476 839 1481 851 1489 853 1489 854 1489 909 1491 910 1491 912 1491 946 1481 958 1477 1097 1479 1100 1465 1098 1418 1071 1413 1069 1413 1068 1413 1054 1418 1034 1425 1012 1418 990 1411 988 1411 987 1411 985 1411 983 1411 976 1418 963 1430 922 1430 904 1418 890 1410 888 1410 887 1410 885 1410 838 1420 829 1420 822 1420 765 1410 763 1410 761 1410 760 1410 749 1420 743 1425 736 1420 729 1415 729 1413 727 1413 726 1413 724 1413 692 1420 670 1425 665 1420 653 1410 653 1408 651 1408 650 1408 648 1408 582 1416 546 1408 545 1408 543 1408 541 1408 518 1421 511 1425 338 1425 335 1421 311 1410 309 1410 308 1410 306 1410 274 1421 201 1405 199 1405 198 1405 165 1420 165 1457"/></Shape>
	    <String CONTENT="entre nos mains Og Roi de Basan, avec tout"
                    HPOS="165"
                    VPOS="1405"
                    WIDTH="935"
                    HEIGHT="86"></String>
          </TextLine>

          
          
          <TextLine ID="r6l23"
                    TAGREFS="LT615"
                    BASELINE="169 1533 215 1532 261 1530 307 1528 353 1527 399 1525 445 1524 491 1523 537 1522 583 1521 629 1520 675 1519 721 1518 767 1518 813 1518 859 1518 905 1518 951 1519 997 1519 1043 1520 1089 1522" 
                    HPOS="165"
                    VPOS="1471"
                    WIDTH="923"
                    HEIGHT="86">
            <Shape><Polygon POINTS="167 1531 172 1548 176 1543 181 1547 181 1548 182 1548 184 1548 186 1548 187 1548 189 1548 208 1542 215 1548 225 1557 226 1557 228 1557 230 1557 231 1557 267 1548 314 1557 316 1557 318 1557 319 1557 336 1547 347 1540 355 1547 358 1548 360 1548 362 1548 363 1548 391 1545 477 1533 624 1533 634 1543 643 1550 643 1552 645 1552 646 1552 648 1553 751 1553 751 1552 753 1552 755 1552 771 1542 778 1536 785 1542 800 1550 802 1550 804 1550 805 1550 973 1548 975 1548 976 1548 976 1547 987 1538 997 1530 1085 1536 1088 1521 1085 1484 1003 1484 998 1482 980 1472 978 1472 976 1472 975 1472 973 1472 961 1482 956 1486 843 1486 836 1481 829 1476 827 1476 826 1476 824 1476 822 1476 805 1481 788 1486 782 1481 775 1474 773 1474 771 1474 770 1474 768 1474 755 1481 748 1484 743 1481 731 1471 729 1471 727 1471 695 1471 694 1471 692 1471 670 1479 658 1484 646 1479 623 1471 621 1471 619 1471 577 1479 531 1487 504 1477 487 1472 485 1472 484 1472 482 1472 480 1472 480 1474 475 1477 463 1487 394 1477 370 1474 369 1474 355 1477 299 1489 165 1476 167 1531"/></Shape>
	    <String CONTENT="son peuple, et nous le fîmes tous passer au"
                    HPOS="165"
                    VPOS="1471"
                    WIDTH="923"
                    HEIGHT="86"></String>
          </TextLine>

          
          
          <TextLine ID="r6l24"
                    TAGREFS="LT615"
                    BASELINE="14 1596 212 1586 257 1585 303 1585 348 1584 393 1583 439 1582 484 1582 529 1581 575 1581 620 1580 665 1579 711 1579 756 1579 801 1578 847 1578 892 1578 937 1578 983 1578 1028 1578 1074 1578" 
                    HPOS="11"
                    VPOS="1520"
                    WIDTH="1062"
                    HEIGHT="99">
            <Shape><Polygon POINTS="1009 1520 998 1520 985 1531 978 1540 898 1540 892 1533 888 1531 888 1530 887 1530 885 1530 883 1530 882 1530 880 1530 875 1535 863 1543 658 1547 650 1540 646 1536 645 1536 643 1536 565 1535 563 1535 562 1535 546 1542 534 1548 512 1543 489 1538 487 1538 457 1545 409 1555 384 1547 355 1536 353 1536 352 1536 350 1536 316 1545 262 1540 260 1540 259 1540 257 1540 242 1550 238 1552 230 1550 182 1542 181 1542 115 1545 113 1545 111 1545 99 1553 89 1560 79 1553 64 1547 62 1547 60 1547 11 1555 13 1594 13 1606 121 1606 147 1619 148 1619 150 1619 152 1619 184 1604 186 1604 196 1604 264 1609 265 1609 267 1609 269 1609 277 1602 281 1601 286 1602 325 1614 326 1614 328 1614 330 1614 357 1601 402 1614 404 1614 406 1614 408 1614 409 1614 426 1604 512 1611 514 1611 516 1611 546 1596 550 1596 555 1596 614 1607 616 1607 617 1607 634 1599 682 1606 683 1606 685 1606 687 1606 707 1592 712 1589 716 1592 727 1602 729 1602 731 1602 733 1602 734 1602 736 1602 749 1594 778 1602 780 1602 782 1602 783 1602 816 1591 834 1584 893 1586 897 1589 909 1599 910 1599 912 1599 914 1599 915 1599 944 1587 951 1586 961 1587 1009 1596 1010 1596 1073 1584 1073 1577 1071 1530 1012 1520 1009 1520"/></Shape>
	    <String CONTENT="4 fil de l&#39;épée, + pillant en même teḿs toutes"
                    HPOS="11"
                    VPOS="1520"
                    WIDTH="1062"
                    HEIGHT="99"></String>
          </TextLine>

          
          
          <TextLine ID="r6l25"
                    TAGREFS="LT615"
                    BASELINE="172 1644 217 1645 263 1647 309 1648 355 1648 401 1648 446 1648 492 1648 538 1647 584 1646 630 1646 675 1645 721 1644 767 1643 813 1642 859 1642 904 1641 950 1641 996 1641 1042 1641 1088 1641" 
                    HPOS="169"
                    VPOS="1599"
                    WIDTH="917"
                    HEIGHT="81">
            <Shape><Polygon POINTS="170 1643 170 1680 274 1662 301 1678 303 1678 304 1678 306 1678 313 1678 353 1670 372 1677 377 1678 379 1678 380 1680 638 1680 638 1678 685 1670 755 1658 1083 1662 1086 1640 1085 1611 944 1602 942 1602 863 1611 860 1611 829 1599 827 1599 826 1599 824 1599 795 1611 795 1613 766 1613 670 1613 638 1599 636 1599 634 1599 633 1599 590 1613 589 1614 475 1614 475 1613 455 1604 453 1604 452 1604 394 1613 330 1601 328 1601 252 1613 186 1601 184 1601 182 1601 181 1601 169 1609 170 1643"/></Shape>
	    <String CONTENT="leurs villes, sans qu&#39;il y en eût aucune, qui"
                    HPOS="169"
                    VPOS="1599"
                    WIDTH="917"
                    HEIGHT="81"></String>
          </TextLine>

          
          
          <TextLine ID="r6l26"
                    TAGREFS="LT615"
                    BASELINE="179 1707 226 1707 273 1708 320 1709 368 1709 415 1709 462 1710 510 1710 557 1710 604 1709 652 1709 699 1709 746 1708 794 1707 841 1706 888 1705 936 1704 983 1703 1030 1702 1078 1700" 
                    HPOS="176"
                    VPOS="1653"
                    WIDTH="900"
                    HEIGHT="86">
            <Shape><Polygon POINTS="177 1706 177 1731 601 1739 602 1739 656 1731 777 1734 778 1734 780 1734 782 1734 792 1726 827 1738 829 1738 831 1738 832 1738 834 1738 854 1721 856 1719 1076 1717 1076 1699 1073 1665 1019 1653 1017 1653 1015 1653 990 1665 980 1670 975 1665 963 1655 963 1653 961 1653 959 1653 848 1653 846 1653 844 1653 805 1667 790 1673 496 1673 485 1670 460 1660 458 1660 457 1660 455 1660 416 1670 397 1675 389 1670 372 1662 370 1662 369 1662 367 1662 343 1672 333 1675 321 1672 306 1667 304 1667 303 1667 176 1672 177 1706"/></Shape>
	    <String CONTENT="nous échapât, nous prîmes soixante"
                    HPOS="176"
                    VPOS="1653"
                    WIDTH="900"
                    HEIGHT="86"></String>
          </TextLine>

          
          
          <TextLine ID="r6l27"
                    TAGREFS="LT615"
                    BASELINE="183 1770 230 1770 277 1770 324 1770 372 1770 419 1770 466 1770 514 1769 561 1769 608 1769 656 1768 703 1768 750 1767 798 1766 845 1764 892 1764 940 1762 987 1760 1034 1758 1082 1756" 
                    HPOS="181"
                    VPOS="1712"
                    WIDTH="900"
                    HEIGHT="78">
            <Shape><Polygon POINTS="182 1768 182 1787 221 1780 248 1785 270 1790 272 1790 274 1790 275 1790 281 1785 287 1778 328 1778 335 1783 338 1787 338 1788 340 1788 341 1788 343 1790 394 1790 394 1788 396 1788 409 1782 419 1777 443 1782 475 1787 477 1787 479 1787 496 1780 502 1777 504 1780 512 1787 514 1787 516 1787 518 1787 624 1777 663 1773 672 1775 697 1783 699 1783 700 1783 848 1782 1019 1768 1047 1778 1049 1778 1051 1778 1053 1778 1081 1765 1081 1755 1078 1714 912 1712 910 1712 909 1712 898 1717 887 1722 875 1717 865 1712 863 1712 861 1712 860 1712 848 1717 822 1729 744 1721 743 1721 741 1721 739 1721 692 1728 672 1721 658 1717 656 1717 655 1717 653 1717 651 1717 645 1722 626 1733 521 1726 519 1726 518 1726 499 1734 480 1726 474 1722 472 1722 470 1722 441 1726 380 1736 372 1728 365 1722 365 1721 363 1721 362 1721 360 1721 358 1721 357 1721 357 1722 350 1728 341 1736 306 1729 269 1722 267 1722 181 1731 182 1768"/></Shape>
	    <String CONTENT="villes, tout le pais d&#39;Argob, qui étoit"
                    HPOS="181"
                    VPOS="1712"
                    WIDTH="900"
                    HEIGHT="78"></String>
          </TextLine>

          
          
          <TextLine ID="r6l28"
                    TAGREFS="LT615"
                    BASELINE="22 1827 235 1825 282 1825 329 1825 377 1825 424 1824 471 1824 519 1823 566 1823 613 1822 661 1822 708 1821 755 1821 803 1820 850 1820 897 1820 945 1819 992 1819 1039 1819 1087 1819" 
                    HPOS="18"
                    VPOS="1766"
                    WIDTH="1068"
                    HEIGHT="87">
            <Shape><Polygon POINTS="719 1768 717 1768 712 1768 695 1768 678 1768 661 1768 658 1768 656 1768 584 1783 558 1788 551 1783 536 1773 534 1773 533 1773 445 1770 443 1770 441 1770 440 1770 440 1771 424 1787 423 1790 314 1790 311 1788 282 1773 281 1773 279 1773 277 1773 235 1790 233 1790 211 1773 209 1773 208 1773 206 1773 204 1773 170 1790 167 1793 82 1793 81 1792 54 1773 52 1773 50 1773 49 1773 47 1773 45 1773 18 1788 20 1826 20 1839 176 1832 189 1837 206 1844 208 1844 209 1844 211 1844 213 1844 225 1836 228 1834 231 1836 252 1851 253 1851 255 1851 257 1853 343 1853 343 1851 345 1851 347 1851 367 1837 482 1837 494 1848 494 1849 496 1849 497 1849 499 1851 526 1851 526 1849 528 1849 529 1849 553 1831 556 1831 655 1849 656 1849 705 1848 707 1848 709 1848 731 1831 766 1841 768 1841 770 1841 771 1841 773 1841 773 1839 787 1827 834 1837 836 1837 838 1837 875 1826 904 1846 905 1846 907 1846 909 1846 910 1846 946 1829 1053 1846 1054 1846 1056 1846 1058 1846 1086 1824 1086 1817 1085 1775 873 1766 871 1766 870 1766 843 1778 822 1788 741 1788 734 1780 721 1770 721 1768 719 1768"/></Shape>
	    <String CONTENT="5 le Royaume d&#39;Og en Basan. + Toutes les"
                    HPOS="18"
                    VPOS="1766"
                    WIDTH="1068"
                    HEIGHT="87"></String>
          </TextLine>

          
          
          <TextLine ID="r6l29"
                    TAGREFS="LT615"
                    BASELINE="185 1885 230 1885 276 1885 322 1885 368 1884 414 1884 460 1883 505 1882 551 1880 597 1879 643 1878 689 1877 735 1875 781 1874 826 1873 872 1873 918 1872 964 1871 1010 1871 1056 1872 1110 1878" 
                    HPOS="182"
                    VPOS="1822"
                    WIDTH="926"
                    HEIGHT="73">
            <Shape><Polygon POINTS="184 1883 184 1895 1108 1886 1108 1876 1107 1841 992 1822 990 1822 988 1822 987 1822 987 1824 975 1836 970 1831 970 1829 968 1829 966 1829 964 1829 909 1834 898 1826 898 1824 897 1824 895 1824 787 1824 785 1824 783 1824 782 1824 771 1832 756 1824 755 1824 753 1824 751 1824 695 1843 695 1844 650 1844 648 1844 623 1826 621 1826 619 1826 553 1826 551 1826 550 1826 506 1843 490 1827 490 1826 489 1826 487 1826 455 1826 453 1826 452 1826 421 1843 402 1827 401 1827 399 1827 363 1827 362 1827 360 1827 358 1827 333 1846 182 1846 184 1883"/></Shape>
	    <String CONTENT="villes étoient fortifieés, ayant de hautes mu¬"
                    HPOS="182"
                    VPOS="1822"
                    WIDTH="926"
                    HEIGHT="73"></String>
          </TextLine>

          
        </TextBlock>
        
        <TextBlock HPOS="119"
                   VPOS="1908"
                   WIDTH="972"
                   HEIGHT="111"
                   ID="eSc_textblock_029b9d62"
                   TAGREFS="BT1595">
          <Shape><Polygon POINTS="119 1908 119 2019 1091 2019 1091 1908"/></Shape>
          
          
          <TextLine ID="r6l30"
                    TAGREFS="LT615"
                    BASELINE="167 1948 222 1943 267 1944 313 1945 358 1945 403 1946 449 1946 494 1946 539 1946 585 1945 630 1945 675 1944 721 1944 766 1943 811 1943 857 1942 902 1942 947 1941 993 1941 1038 1940 1084 1940" 
                    HPOS="164"
                    VPOS="1902"
                    WIDTH="919"
                    HEIGHT="67">
            <Shape><Polygon POINTS="165 1947 165 1957 267 1957 270 1957 308 1969 309 1969 311 1969 313 1969 352 1957 357 1956 362 1957 380 1964 382 1964 384 1964 419 1957 426 1956 430 1957 457 1968 458 1968 460 1968 462 1968 463 1968 480 1957 653 1966 655 1966 727 1956 729 1956 800 1964 802 1964 804 1964 834 1956 953 1963 954 1963 1083 1952 1083 1939 1081 1908 985 1902 983 1902 846 1908 727 1914 721 1908 717 1905 716 1905 714 1905 712 1905 643 1908 516 1915 501 1908 492 1905 490 1905 489 1905 487 1905 485 1905 482 1908 470 1917 418 1908 401 1907 399 1907 397 1907 387 1908 355 1917 335 1908 330 1907 328 1907 326 1907 325 1907 323 1907 321 1908 311 1917 301 1908 299 1908 297 1908 296 1908 294 1908 292 1908 292 1910 286 1915 277 1908 275 1908 274 1908 272 1908 164 1908 165 1947"/></Shape>
	    <String CONTENT="V. IV 1 Cela est ajouté par apposition, et comme une"
                    HPOS="164"
                    VPOS="1902"
                    WIDTH="919"
                    HEIGHT="67"></String>
          </TextLine>

          
          
          <TextLine ID="r6l31"
                    TAGREFS="LT615"
                    BASELINE="135 1984 160 1985 185 1985 210 1986 235 1986 261 1987 286 1987 311 1987 336 1987 361 1987 387 1988 412 1988 437 1988 462 1988 487 1988 513 1988 538 1988 563 1987 588 1987 613 1987 639 1987" 
                    HPOS="132"
                    VPOS="1944"
                    WIDTH="506"
                    HEIGHT="74">
            <Shape><Polygon POINTS="592 1946 590 1946 573 1946 556 1946 543 1946 541 1946 540 1946 538 1946 538 1947 528 1956 490 1946 489 1946 487 1946 485 1946 460 1956 458 1956 435 1946 433 1946 431 1946 430 1946 402 1956 399 1956 391 1956 326 1946 325 1946 323 1946 306 1954 286 1944 284 1944 282 1944 281 1944 259 1954 257 1954 225 1944 223 1944 221 1944 133 1952 133 1983 132 2003 159 2017 160 2017 162 2017 223 2003 292 2013 294 2013 296 2013 331 2003 404 2018 406 2018 636 2003 638 1986 638 1956 594 1946 592 1946"/></Shape>
	    <String CONTENT="explication de ce qui precede."
                    HPOS="132"
                    VPOS="1944"
                    WIDTH="506"
                    HEIGHT="74"></String>
          </TextLine>

          
        </TextBlock>
        

        
      </PrintSpace>
    </Page>
  </Layout>
</alto>
