1245 2187
32 78 1161 82 14 + N’adorés point d’autre Dieu. Le Seigneur

204 36 958 58 brisés leurs statües, et coupés leurs bois.

34 202 1138 82 15 + Ne faites point d’alliance avec les gens

207 140 985 82 6se nomme jaloux: il est un Dieu jaloux.

198 262 979 89 de ce pais là, de peur qu’apres qu’ils seront

204 324 995 82 tombés dans l’idolatrie en adorant les statu¬

205 390 987 82 es de leurs dieux, quelqu’un d’eux ne vous in¬

209 453 959 82 vite à manger de ce qu’ils auront immolé.

32 497 1145 109 16 + Vous ne ferés point épouser leurs filles à

189 575 966 92 vos fils, de peur qu’aprés avoir elles mêmes

185 634 970 95 idolatré, elles ne fassent aussi idolatrer vos

18 685 1161 113 17 fils. + Vous ne vous ferés point des dieux

23 763 1149 95 18 de fonte, + Vous observerés la feste des

196 838 999 69 pains sans levain; vous en mangerés pen¬

195 891 997 82 dant sept jours, au mois des nouveaux blés,

196 960 966 77 comme je vous l’ai commandé. Car vous

200 1016 957 82 étes sortis d’Egypte 8 au mois où le Prin¬

30 1075 1149 93 19 tems commence. + Tout masle qui naistra

200 1144 952 75 le premier de quelque animal que ce soit,

207 1204 976 75 soit de vaches ou de brebis sera pour moi:

47 1264 1146 79 20 + Vous racheterés avec 9 un agneau le pre¬

43 1321 1134 84 21 mier né de l’asne. + Si vous ne donnés rien

211 1386 953 70 pour le racheter, on le tüera, vous racheterés

215 1447 953 69 le premier né de vos fils, et vous ne vous

209 1499 957 73 presenterés point devant moi les mains

51 1554 1124 86 22 vuides. + Vous travaillerés six jours, et au

196 1645 977 77 V. XIV 5 C. est jaloux de sa gloire, il ne veut point

169 1694 671 75 qu’on lui associe d’autre dieux.

205 1740 990 93 V. XV 7 Let. aprés avoir commis des fornications

184 1800 962 80 avec leurs dieux. Cette expression est ordinaire

185 1853 852 67 dans l’ecriture pour marquer l’idolatrie.

209 1893 941 77 V. XVIII 8 Ce mois est appelé Auib dans l’Ebreu

178 1946 966 82 et S. Jerome en a tres bien exprimé la signification

191 1988 306 58 en cet endroit.

235 2026 962 88 V. XX 9 Le mot, qui est dans l’Ebreu se prend éga¬

195 2079 924 87 lement pour un chevreau et pour un agneau.
