1220 2157
206 48 888 54 3 toutes les playes, dont j’aurai frappé les

217 86 907 77 Egyptiens, et les merveilles, que j’aurai fai¬

226 143 880 76 tes parmi eux, et que vous scachiés, que

30 188 1069 108 3 je suis le Seigneur. + Moyse et Aaron

221 255 878 82 vinrent donc trouver Pharaon, auquel ils

224 314 884 81 dirent: voici ce que dit le Seigneur, Dieu

223 377 858 83 des Ebreux, jusques à quand refuserés

219 431 894 88 vous de vous soumettre devant moi: laissés

212 490 883 85 aller mon peuple, afin qu’il m’offre des

25 542 1083 94 4 sacrifices. + Si vous refusés encore de le

197 611 879 81 laisser aller, je ferai venir demain des

30 674 1094 89 5 sauterelles dans vôtre pais, + qui couvri¬

205 733 878 81 ront tellement la superficie de la terre

196 798 914 73 qu’on ne { la pourra voir, et elles mangeront

203 853 919 79 ce qui est échappé à la gresle, car elles ron¬

201 918 893 68 geront tous les arbres, qui poussent dans les

32 965 1071 81 6 champs: + Elles rempliront vos maisons,

208 1026 920 75 et celles de vos serviteurs, et de tous les Egyp¬

197 1092 909 69 tiens. Vos peres: et les peres de vos peres n’en

197 1148 909 65 auront jamais vû un si grand nombre de¬

206 1204 925 77 pis qu’ils sont sur la terre jusqu’aujourdhui.

50 1254 1063 101 7 Moyse se retirant quitta Pharaon. + et

199 1324 934 74 les serviteurs de Pharaon dirent à ce Prince:

199 1382 922 84 Jusques à quand 4souffriront nous ce scanda¬

208 1445 920 77 le? Laissés aller ces gens là sacrifier au Seig¬

205 1508 905 75 neur leur Dieu; ne voyés vous pas, que l’E¬

55 1569 1080 84 8 gypte est perdüe? + Ils rappellerent Moy¬

174 1657 936 59 V.II. 3 S. Jerome a plûtôt suivi ce sens que les mots E¬

160 1705 982 69 breux, qui signifient simplement ce que j’ai fait en Egypte.

161 1741 947 74 C. les actions grandes, et éclatantes que j’ai fait voir

161 1793 924 56 en ce pais là. On ne convient pas cependant tout à fait

167 1829 941 70 de la signification propre du verbe, qui est dans l’Ebreu.

172 1876 713 67 Nôtre vulgate a tres bien exprimé le sens.

187 1917 930 72 V.VII 4 Autr. Sur l’Ebreu; celui-ci nous tiendra-t-il dans

169 1966 912 70 les liens, la comparaison est prise de ceux qui n’ont

165 2006 925 66 point la liberté de marcher, étant liés ou enchainés.
