1187 2138
0 0 74 83 00

213 21 893 87 qu'ils soient donc saints, parce que je suis

212 83 914 89 saint, étant le Seigneur qui les sanctifie.

58 135 1080 121 9 + si la fille d'un sacrificateur tombe dans

210 206 909 96 la fornication, et deshonore son pere, elle

58 269 1061 103 10 sera brûlée toute vive. + Le Pontife c'est

210 334 916 90 à dire celui qui est le grand sacrificateur

203 388 960 98 parmi ses freres, sur lequel on a répandu l'hui¬

206 443 948 107 le d'onction, dont les mains ont été consa¬

203 511 914 94 crées pour exercer la sacrificateur, et qui

204 577 925 82 est revêtu des habits saints, ele decouvrira

206 630 931 86 point sa tête, et 4 ne dechirera point ses ha¬

58 684 1080 91 11 bits: + Il n'entrera jamais, où il y ait un

199 753 923 84 mort: Il ne se rendra pas même immonde

65 803 1068 110 12 à la mort de son pere, et de sa mere; bits: + de¬

208 885 907 78 plus il ne sortira point 5 des lieux saints,

212 947 935 88 de peur de profaner le sanctüaire du Seigneur,

203 1008 912 94 6 parce qu'il a été oint de l'huile de l'onction

67 1063 1048 120 13 sainte de Dieu; Je suis le Seigneur. bits: + Jl

60 1133 1071 128 14 épousera une vierge. bits: + et il ne prendra

217 1224 886 78 point pour femme une veuve, ni une

210 1270 921 85 femme repudiée, ni une qui ait été des¬

176 1362 950 81 loix, que Dieu leur avoit données, et à s'éloigner des

174 1419 872 74 ceremonies superstitieuses des autres nations.

222 1469 902 72 V. X 4 Cela se restreint au tems des funerailles.

222 1519 877 79 V. XII 5 Cela s'entend aussi pour les funerailles.

310 1580 823 78 6 Il y a à la lettre dans l'Ebreu parce qu'il

181 1637 947 87 y a une couronne d'huile d'onction de son Dieu sur

181 1701 932 66 lui. Cette expression, qui est abregée marque deux

178 1747 937 70 choses sçavoir la lame que le grand Prestre avoit

171 1797 948 73 sur son front, et sur laquelle étoit écrit le nom

190 1840 936 84 de Dieu, de plus l'onction, ou l'huile sainte, dont sa

190 1895 403 70 tête avoit été ointe.

882 2000 212 86 honorée,
