1209 2179
192 49 969 54 chameau, et s'assit dessus; et comme il remüoit

10 74 1102 80 35 toute la tente, et qu'il ne trouvoit rien, + elle

185 130 933 73 lui dit: mon Seigneur ne vous mettés point en

189 183 956 76 colere de ce que je ne me puis pas me lever de¬

190 245 959 61 vant vous, parce que mes ordinaires me viennent

192 290 955 73 deprendre. Sa recherche exacte devint inutile par

0 343 1136 72 36 cet artifice. + Jacob s'étant mis en colere dit

185 397 947 80 à Laban avec reproche, qu'elle faute ay je faite,

181 452 931 74 et quel peché ay je commis pour me poursuivre

12 506 1122 75 37 avec tant de chaleur, + et pour remüer tous mes

181 559 962 78 equipages ? qu'y avés vous trouvé de tout ce qui é¬

178 613 956 73 toit chés vous ? exposés le en presence de mes fre¬

176 670 940 74 res, et de vôtres, afin, qu'ils soyes jugés entre

16 706 1131 98 38 moi et vous. + Ai je été pour cela vingt ans a¬

174 766 973 89 vec vous? vos brebis, et vos chévres n'ont point

169 818 965 88 été steriles; je n'ay point mangé les beliers de vo¬

19 877 1110 76 39 tre troupeau, + je ne vous ai rien forfa foirvoit

172 926 962 81 de ce qui avoit été pris par les bestes: J’en re¬

176 982 934 74 mettois sur moi tout le dommage, vous me

23 1031 1076 80 40 redemandies 10 tout ce qui estoit derobé. + J'étois

181 1082 938 92 incommodé de la chaleur pendant le jour, et du

176 1129 938 103 froid pendant la nuit, et je ne dormois point.

29 1183 1107 95 41 + C'est ainsi que je vous ai servi dans vôtre mai¬

169 1225 916 104 son l’espace de vingt ans, quatorze pour vos

174 1271 922 101 filles, et six pour vos troupeaux. Vous avés

179 1331 924 87 même changé dix fois ce qui m’étoit dû pour

18 1378 1134 109 ma recompense. + Si le Dieu de mon Pere Abra¬

178 1432 934 113 ham et 11 le Dieu d'Isaac ne m'avoient assisté,

181 1487 955 101 vous m'auriés peut étre renvoyé nû. Dieu qui

183 1528 935 115 a regardé mon affliction, et le travail de mes

179 1585 930 101 mains vous fit hier voir que vous aviés tort.

14 1621 1109 122 + Laban lui répondit, mes filles, et mes petits

190 1685 922 121 fils vos troupeaux, et tout ce que vous voyés

196 1737 907 106 m’appartient; que ferois je à mes filles, et à

14 1790 1080 98 44 mes petits fils ? + Venés donc, et faisons une

194 1843 891 96 alliance, pour servir de temoignage entre vous

21 1886 1109 113 45 et moi. + Jacob prit donc une pierre, et l'ay¬

150 1982 944 89 28. XXXIX 10. Ebr. ce qui avoit été derobé tant de jour

152 2026 264 49 que de nuit.

183 2059 889 81 V. XLII 11 Let. la crainte d'Isaac, c. le Dieu qu'Isaac

147 2102 387 62 craint et revere
