1149 2171
182 30 934 69 septiême jour son ouvrage: et il cessa le septiê¬

54 113 1042 95 3 avoit fait + Il benist le septiéme jour, et il

184 70 916 74 me jour de travailler à tout l'ouvrage, qu'il

180 168 909 74 le sanctifia, parce qu'en ce jour là il avoit cessé

186 222 917 63 de travailler à tout l'ouvrage, qu'il avoit creé.

48 262 1048 85 4 + Ce sont là les origines du ciel et de la terre,

171 309 903 89 lorsqu'ils furent crés; lorsque le seigneur Dieu

48 370 1044 71 5 les fit, + et totues les plantes des champs,

171 414 911 87 avant qu'elles sortissent de la terre, et toute

164 468 925 83 l'herbe de la campagne avant qu'elle poussât.

166 524 910 78 Car le seigneur Dieu n'avoit point encore

153 573 943 90 fait pluvoir sur la terre, et il n'y avoir per¬

43 625 1069 102 6 sonne pour la cultiver. + Mais 3 une fontaine,

151 689 943 83 qui montoit de la terre, en arrosoit toute la sur¬

39 738 1055 105 7 face. + Le seigneur Dieu forma donc l'hom¬

150 805 930 72 me du limon de la terre, et il luy souffla sur la

150 864 944 71 face un souffle de vie, qui le fit devenir 4 vivant.

50 915 1050 87 8 + Or le seigneur Dieu avoit plante 5 des le com¬

161 975 928 68 mencement un jardin 6 de plaisir, où il mit l'hom¬

43 1022 1031 96 9 me, qu'il avoit formé. + Le seigneur

141 1083 946 74 Dieu produisit de la terre toute sorte d'ar¬

162 1143 923 72 bres beaux à la vûë, et dont le fruit étoit

159 1201 910 65 agreable à manger. De plus l'arbre de vie

103 1284 971 80 se trouve meme dans d'autres Ecrivains. Il y a ne¬

117 1342 948 76 anmoins dans le texte Ebreu des Samaritains, et

112 1393 942 76 dans leurs versions le sixieme jour. Il y a aussi

119 1440 925 74 dans les septante et dans la version syriaque le

99 1492 977 63 sixiéme jour. Mais tous les Juifs tant Rabbanistes

113 1535 938 78 que Caraites lisent le septiéme, comme il y a dans

113 1583 809 65 nôtre vulgate, et c'est la veritable leçon.

137 1626 917 99 V. VI 3 autr. une vapeur: car c'est ce que signifie le

113 1680 209 67 mot Ebreu.

142 1722 675 83 V. VII 4 Lett. Ame vivante c animal.

144 1769 905 90 V. VIII 5 La plupart des Juifs traduisent avec les

108 1810 952 107 sept. à l'orient. Mais St Jerôme a suivi Aguilq,

113 1874 947 81 et cette Interpretation est confirmée par Symmaque

113 1908 965 92 et par Theodosion. Quelques Rabbin ont traduit

106 1961 957 83 auparavant, comme si ce jardin avoit esté planté

110 1995 953 96 le troisiéme jour. Il y a dans l'Ebreu à la lettre palnta.

204 2044 863 99 6 Les sept ont traduit plsu à la lettre en Eden,
