1115 2066
153 3 872 77 se et Aaron pour parler à Pharaon, qui

167 58 889 78 leur dit: allés sacrifier au Seigneur vôtre

149 110 903 93 Dieu: qui sont ceux qui y doivent aller?

43 168 1040 102 9 + Moyse répondit: nous irons avec nos en¬

130 225 924 112 fans, et nos vieillards avec nos fils, et nos

139 296 929 82 filles, avec nos brebis, et nôtre gros bétail;

167 347 877 79 car c’est la feste du Seigneur nôtre Dieu.

27 397 1051 107 10 + Pharaon répondit: 5 que le Seigneur soit

170 473 900 84 avec vous, de la même maniere que je vous

180 535 903 79 laisserai aller vous et vos petits enfans,

174 592 922 79 6 peut on douter, que vous n’ayés dans l’esprit

25 643 1072 93 11 de tres mauvais desseins? + Il n’en sera pas

186 711 873 77 ainsi ; mais que les hommes seuls aillent

180 773 893 77 sacrifier au Seigneur, car c’est ce que vous

184 829 889 73 avés vous-mêmes demandé; et aussitôt on

34 878 1037 89 les fit sortir de la presence de Pharaon. + Le

198 940 880 75 Seigneur dit à Moyse: étendés vôtre main

186 1000 918 82 sur l’Egypte, afin de faire monter les sau¬

180 1060 931 81 terelles sur ce pais là, et qu’elles mangent tou¬

187 1113 896 87 te l’herbe que la gresle aura laissé de reste.

39 1170 1029 91 13 + Moyse étendit sa verge sur l’Egypte,

193 1229 897 91 et le Seigneur 7 fit souffler tout ce jour là, et

198 1291 870 82 toute la nuit un vent brûlant, qui éleva

36 1341 1073 96 14 les sauterelles le lendemain matin, + lesquel¬

187 1403 919 81 les étant montées sur toute l’Egypte, s’arrete¬

187 1454 915 85 rent dans tous les lieux du pais en une quan¬

174 1539 920 65 V.X. 5 C’est une ironie: il refuse de les laisser aller avec

141 1583 329 59 toute leur famille.

224 1606 861 74 6 S. Jerome s’est contenté d’apporter le sens, sans

143 1654 959 71 exprimer les mots, qui sont dans l’Ebreu, et qui signifient

137 1694 931 77 voyés, car le mal est devant vous. Il semble que ce

146 1733 919 74 soit une menace, comme s’il leur avoit dit: le mal

153 1773 930 77 est tout prêt de tomber sur vous de ma part, si vous

149 1818 555 74 osés entreprendre ce que vous dites.

196 1850 896 74 V. XIII 7 Let. Amena, ou, comme il y a dans l’Ebreu con¬

143 1895 623 83 duisit dans le pays un vent d’Orient.

196 1929 824 78 V.XIV 8 Cela se doit restreindre à l’Egypte seule.
