1113 2105
163 68 879 79 honorée, ou qui soit une prostitüée; mais

38 114 1029 85 15 une vierge 7 de son peuple. + Il ne mêlera

159 173 867 90 point sa race avec le commun du peuple,

163 231 906 100 parce que je suis le seigneur, qui les sanctifie.

31 296 1018 84 16 + Le Seigneur parla à Moyse, et lui dit:

14 359 1042 83 17 + Dites à Aaron: si quelqu'un de vôtre race,

168 408 915 91 et de vos descendans a quelque 8 defaut de corps,

24 480 1034 79 18 il n'offrira point les pains à son Dieu, + et

163 540 888 77 il ne s'approchera point pour faire les fon¬

161 592 887 104 ctions de la sacrificature, s'il est aveugle,

135 657 899 93 s'il est boiteux, s'il a 9 le nés trop petit ou,

40 712 997 108 19 trop grand, ou tortu, + s'il a un pied ou

40 775 1036 88 20 une main rompüe, + s'il est bossu, s'il est chas¬

143 836 915 90 sieux, s'il a quelque tâche dans l'oeil, s'il

163 905 878 72 a continuellement la galle, ou une gratelle

42 963 981 93 21 sur le corps, ou s'il a une descente. +

184 1022 855 70 Tout homme de la race d'Aaron le sacrifi¬

177 1077 869 89 cateur, qui aura quelque defaut de corps,

186 1145 867 77 ne s'approchera point pour offrir des 10 sa¬

170 1238 872 54 V. XIV 7 C. de sa nation, et non pas comme quel¬

119 1278 909 84 ques uns l'expliquent, qui fort de race de sacrifi¬

142 1334 172 55 cateurs.

179 1347 876 89 V. XVIII 8 Let. tâche; mais on a deja remarqué, qu'il

142 1406 884 81 ne s'agit point d'une simple tâche, et la suite le

143 1469 274 62 fait voir ici.

180 1508 848 77 V. XVIII 9 Il n'y a que deux mots dans l'Ebreu en

121 1550 902 95 sorte que S. Jerome a paraphrasé, et bien que les

131 1601 915 77 Juifs ne soient pas d'accord entr'eux sur l'expli¬

135 1645 895 81 cation de ces deux mots. S. Jerome en a bien ex¬

140 1694 890 89 primé le sens. Quelques uns neanmoins croyen

140 1748 916 79 qu'il n'est point ici parlé de nés en particulier, mais

142 1796 892 98 de quelque membre que ce soit, qui ne doit point

138 1866 515 72 etre trop court ny trop long.

184 1899 848 109 V. XXI 10 Le mot Ebreu signifie des sacrifices qu'on

147 1962 114 85 brûle.
