1201 2247
206 65 963 82 septiéme vous cesserés de labourer et de mois¬

46 117 1104 94 23 sonner. + Vous ferés la feste des semaines

213 177 948 100 au tems des premices de la moisson du fro¬

213 241 935 97 ment, et la feste de la recolte à la fin de

56 310 1107 88 24 l’année. + Tous vos enfans masles pa¬

207 370 941 101 roîtront trois fois l’année devant le Seig¬

54 438 1113 95 25 neur tout puissant le Dieu d’Israël. + Car

221 501 942 98 quand j’aurai chassé ces peuples de devant

217 561 950 107 vous, et que j’aurai étendu vos limites, per¬

202 632 965 92 sonne ne portera envie à vôtre pais, si vous

217 694 924 94 venés paroître trois fois l’année devant le

59 756 1112 99 26 Seigneur vôtre Dieu. + Vous n’offrirés point

206 823 957 102 le sang de ma victime avec du pain levé; et

215 900 939 88 il ne restera rien du sacrifice de la feste de

63 968 1096 89 27 Pâque jusqu’au lendemain. + Vous offrirés

217 1029 937 88 les premices des fruits, de vôtre terre dans la

217 1091 948 94 maison du Seigneur vôtre Dieu; vous ne cui¬

221 1164 899 73 rés point le chevreau dans le lait de sa

65 1217 1070 82 28 mere. + Le Seigneur dit à Moyse: encore

221 1278 914 79 ecrivés ces paroles par lesquelles j’ai fait

224 1342 905 69 alliance avec vous, et avec les Israëlites.

84 1396 1060 96 29 + Moyse fut donc sur la montagne avec le

219 1468 916 74 Seigneur quarante jours, et quarante nuits

222 1522 947 86 sans manger, ni boire, et le Seigneur écri¬

221 1580 925 92 vit sur les tables les dix paroles de l’alli¬

74 1644 1070 95 30 ance. + Moyse descendant de la mon¬

230 1703 912 90 tagne de Sinai tenoit les deux tables du té¬

226 1769 890 88 moignage, et il ne scavoit pas, que de son

228 1831 907 80 visage 2 il sortoit des rayons à cause de

217 1917 937 73 V. XXVIII 1 Ce pronom ces a relation à ce qui precede.

207 1971 930 75 V. XXIX 2 Let. son visage étoit cornu. C. jettoit des

168 2014 952 85 rayons en forme des cornes. Le mot Ebreu signifie

181 2067 933 78 corne et rayon: S. Jerome a suivi dans nôtre

176 2110 957 86 vulg. Aquila, et le Rabbin Lombroso a remarqué
