1191 2153
43 57 1103 72 46 ant dressée pour monument, + dit à ses 12 fre¬

211 93 918 84 res, apportes des pierres, et en ayant ramassé

39 200 1083 83 47 mangerent. + Laban l'appella 13 le monceau

206 154 902 57 ils les mirent en un monceau, sur lequel ils

44 299 1087 77 48 chacun en sa propre langue. + Et Laban dit:

219 249 939 77 du temoin, et Jacob 14 le monceau du temoignage,

210 360 912 68 ce monceau sera aujourdhui témoin entre

211 403 933 79 vous et moi, c'est pourquoi il le nomma Gabaad.

28 452 1094 73 49 15 c'est à dire le monceau du témoin. + 16 Que

213 504 920 84 le Seigneur, ajouta-t-il, regarde, et nous juge,

213 561 900 74 lorsque nous serons separés l’un de l'autre.

43 610 1081 80 50 + Si vous maltraités mes filles, et si vous prenés

202 658 922 90 d'autres femmes qu'elles, nul n’est temoin de

197 712 914 89 nôtre discours que Dieu qui y est present.

44 762 1089 75 51 + Il dit encore à Jacob: C'est ici le monceau

202 807 917 88 et 17 la pierre, que j’ai dressé ettre vous, et moi.

48 861 1081 86 52 + Que ce monceau, dis-je, et cette pierre servent

201 911 912 90 de témoignage, si je passe au delà pour aller à

192 965 952 80 vous, ou si vous la passés pour me faire du mal.

35 1017 1094 73 53 + Le Dieu d'Abraham, et le Dieu de Nachor,

190 1067 932 81 et le Dieu de leurs peres soit nôtre juge. Jacob

41 1119 1078 93 donc jura par le Dieu de son pere Isaac, + et

194 1182 935 86 ayant immolé des victimes sur la montagne,

199 1237 909 83 il invita ses freres à en manger, et aprés avoir

177 1331 812 59 V. XLVI 12 C. ses parens du costé de ses femmes.

176 1365 932 84 V. XLVII 13 Il y a dans l'original Jegar Sahadutha,

150 1419 886 68 en langue syriaque, qui étoit la langue de Laban.

283 1462 834 79 14 Il y a dans l’original Galed en Ebreu, qui

150 1498 455 66 étoit la langue de Jacob.

197 1535 925 85 V. XLVIII 15 C'est à dire etc. ces mots sont du traducteur,

156 1607 435 61 et non pas de l'original.

201 1641 916 77 V. XLIX 16 Ebr. et Mispa, parcequ'il dit: que le Seigneur

152 1695 959 72 regarde entre vous et moy. Le sens est que Laban nom¬

150 1740 979 72 ma aussi ce monceau de pierre Mispa, que les Sept. ont

147 1786 950 69 traduit vision, c'est ce que nous appellerions en nôtre

154 1826 965 72 langue une vedette. S. Jerôme n’a point exprimé

156 1867 578 65 cet endroit dans nôtre vulgate.

217 1907 932 89 V. LI 17 Il y a dans l’Ebreu un mot qui signifie une pierre,

150 1959 825 57 ou autre chose dressée pour servir de monument.

197 1986 895 73 V. LIII 18 Let. la crainte C. par le Dieu, que son pere

149 2029 698 73 craignoit, comme on l’a deja remarqué.
