1094 2137
162 26 919 127 né d'un taureau; Il a les cornes d'un Rhi¬

171 113 867 95 noceros avec lesquelles il jettera les nations

156 163 872 116 26 jusqu'aux extremités de la terre. 27 C'est

163 235 916 90 là la grande multitude d'Ephraim, et ce sont

24 297 1020 91 18 là les milliers de Manassé. + Il dit de plus

158 363 884 82 à Zabulon: rejoüissés vous Zabulon 28 dans

174 425 866 80 vôtre sortie, et vous Issaschar 29 dans vos

17 482 1027 93 19 tentes. + Ils appelleront les peuples

153 548 921 87 30 à la montagne où ils immoleront des vi¬

167 614 894 82 ctimes 31 de justice. Ils succeront 32 comme

165 674 900 77 le lait l'afflüence de la mer, 33 et les thresors

23 737 1038 96 20 cachés du sable. + 34 beni soit Gad dans

172 803 882 99 V. XVI 23 Le mot de Nazaréen signifie ici celui qui a

135 872 921 87 été separé de ses freres pour ses grandes qualités. Voyés

130 929 443 71 Ch. 49 de la Genese v. 26.

180 998 915 50 V XIII 29 Cette expression signifie la grandeur et l'éclat,

130 1020 944 76 et celle qui suit marque la force, parceque par la se¬

133 1072 907 69 paration des dix tribus la Royauté fut dans la tribu

121 1120 228 80 d'Ephraim.

276 1150 750 98 25 Autr. Licorne, comme il y a dans les Sept.

267 1218 418 64 26. C'est une hyperbole.

274 1250 807 92 27 Ebr. Ce sont là les millions, laquelle expressi¬

140 1310 896 66 on comparée avec celle qui suit signifie que la tribu

140 1362 939 71 d'Ephraim sera bien plus nombreuse, que celle de Ma¬

138 1408 872 75 nassé, ce qui s'accorde avec la prophetie de Jacob.

195 1456 884 71 V. XVIII 28 C. Dans la srtie de vos navires, parce que

137 1510 924 89 cette tribu étoit sitüée prés de la mer: ce qui s'accorde

142 1556 579 73 ausi avec la prohetie de Jacob.

317 1604 732 89 29. Cela veut dire, que cette tribu ne sortira

128 1656 937 85 point de son pais s'appliquant à cultiver ses terres:

133 1709 866 82 ce qui est aussi conforme àla prophetie de Jacob.

187 1759 876 85 V. XIX 30 C. au temple situé sur la montagne.

327 1802 499 78 31 C. justes et selon la loy.

327 1850 745 83 32. Ces mots comme le lait ne sont point dans

133 1900 909 74 l'Ebreu, où il y a parcequ'ils succeront l'afflüance des

137 1962 887 62 mers, C. ils seront riches de leur trafic par mer.

310 1998 723 78 33 On trouve de l'or dans le sable, que les
