1092 2083
149 31 904 140 railles, et des portes, qui fermoient bien,

145 139 947 79 sans compter un trés grand nombre de bourgs,

31 173 1017 85 6 qui n'avoient point de murailles. + Nous

157 229 910 100 détruisimes ces peuples, comme nous avions

152 291 922 96 détruit Sehon Roy d'Hesebon, ruinant toutes

152 357 887 85 leurs villes, et ne laissant ni hommes, ni

34 416 1005 96 7 femmes, ni enfans + Mais nous prîmes

38 477 1012 87 8 les bestes et les dépoüilles de villes: + Nous

157 539 924 85 primes en même tems sur deux Rois Amor¬

166 611 882 67 rhéens, qui étoient au deça du Jourdain

157 678 893 77 le pais, qui est depuis le torrent d'Arnon

26 730 1041 118 9  jusqu'à la montagne d'Hermon, + que les

164 801 896 77 Sidoniens nomment Sarion, et les Amor¬

6 860 1079 96 10 rhéens, Sanir. + Toutes les villes de la plai¬

170 925 882 80 ne, et tout le pais de Galaad, et de Basan

166 985 873 92 jusqu'à Selcha, et Edrai villes du Royaume

34 1046 1047 118 11 d'Og dans Basan: + Car Og Roy de Basan

178 1123 854 97 étoit resté seul 2 de la race des geans: on

175 1204 901 89 montre son lit de fer, qui est dans Rabbath,

185 1268 874 85 ville des Ammonites, lequel a neuf coudées

192 1331 856 90 de longüeur, et quatre de largeur, selon

27 1388 1059 101 12 la mesure 3 de la coudeé commune + Nous

189 1459 899 92 prîmes alors possession de ce pais la 4 depuis

189 1522 890 83 Aroer, qui est sur le bord du torrent d'Ar¬

157 1614 884 73 V. XI 2 Cela ne peut pas dire, qu'il fut dernier des

128 1659 908 76 geans, mais seulement de ceux, qui habitoient depuis

126 1711 926 78 longtêms ce pais la nommé Repahim, n'y en ay¬

128 1758 632 69 ant plus en apres Og dans Basan.

244 1801 799 78 3 Lett. de la coudeé d'homme, c de la coudée

116 1841 173 71 ordinaire

161 1878 899 71 V. XII 4 Il y a dans l'Ebr. Je donnai à ceux de la tri¬

133 1935 927 68 bu de Ruben, et de Gad depuis Aroer, qui est sur le tor¬

137 1980 913 92 rent d'Arnon, et la moitié de la montagne de Galaad

126 2027 224 54 et ses villes.
