1177 2148
21 84 1114 91 21 a pris bras et tête: + 36 Il a vû sa principau¬

166 39 941 75 sa latitude, il s'est reposé comme un lion, 35 il

184 139 921 97 té, parce qu'un docteur étoit dans son par¬

166 202 928 95 tage. Il a été avec les Princes du peuple,

180 268 919 86 et il a observé la justice du Seigneur, et son

26 332 1052 88 22 jugement avec Israël. + Il dit aussi à

175 393 917 86 Dan: Dan est le petit d'un lion, 37 il se re¬

21 454 1059 95 23 pandra de Basan avec abondance, + et il

184 519 919 87 dit à Nephtali: Nephtali jouira de l'abon¬

177 583 874 84 dance, et il sera plein des benedictions du

171 646 898 89 Seigneur: Il possedera la mer, et le midi.

26 710 1048 100 24 + Il dit aussi à Aser: qu'Aser soit beni

180 780 934 104 en enfans; qu'il soit agreable à ses freres;

34 853 1049 84 25 et 38 qu'il trempe son pied dans l'huile; + 39 Il

184 914 912 75 aura une chaussure de fer et d'airain: 40 vo¬

179 966 895 106 tre vieillesse sera comme vôtre jeunesse.

139 1050 941 77 torrens emportent des montagnes et des autres lieux, où

137 1097 898 71 il y a de l'or, et les marchands trafiquent de cet or.

180 1140 894 77 V. XX 34 Il y a dans l'Ebreu beni soi celui qui étand

145 1188 944 77 Gad, C. Dieu qui a donné un pais spacieux à cette tribu.

238 1242 874 84 35 Gad est comparé à un lion qui dechire sa proye

137 1292 941 68 pour marquer que par sa valeur il détruira ses ennemis

148 1344 948 70 quelques forts et quelques puissans qu'il soient; car c'est

152 1378 750 80 ce que signifient les mots de bras et de tête.

184 1430 903 82 V. XXI 36 C. Cette tribu a reconnu sa preeminence par

154 1480 931 77 dessus les autres tribus en ce que Moyse qui est le Docteur

146 1526 943 85 ou legislateur des Juifs, étoit dans son partage; ce qui con¬

145 1578 942 74 vient avec ce que dit ici l'ancienne paraphr. Cald. sça¬

137 1623 912 77 voir que Moyse avoit été enterré dans cette tribu

139 1670 916 78 Neanmoins les Juifs traduisent autrement, parce qu'au lieu

159 1718 921 82 de principauté ils interpretent commencement, parce

154 1770 888 62 que cette tribu fut la premiere, qui eut son partage

155 1813 928 82 aussitôt que les ISraëlites eurent passé le Jourdain,

155 1859 896 90 il est tres difficile d'expliquer tout ce passage, qui est

159 1906 625 73 fort embarasé dans l'Ebreu même.

200 1952 899 111 V. XXII 37 Cette expression marque le Jourdain, qui
