1190 2088
20 29 1122 70 55 mangé, ils y passerent la nuit. + Laban s'é¬

191 73 925 67 tant levé avant le jour, embrassa ses petits

182 120 952 76 fils, et ses filles, et aprés les avoir benis, il s'en

195 177 414 70 retourna en son pais.

372 266 490 95 Chapitre XXXII.

67 334 1044 87 1 Jacob continüa son chemin, et des anges de

55 389 1065 92 2 Dieu vinrent à sa rencontre; + les ayant vûs,

188 438 934 99 il dit: C’est là le camp de Dieu, et il appella

40 487 1092 106 3 ce lieu Mahanaim, 2 c'est à dire camp. + Il en¬

198 542 924 96 voya devant lui à son frere Esau en la terre de

182 593 938 92 Seir au pais d'Edom des gens pour lui apprendre

36 649 1075 85 4 de ses nouvelles. + et il leur donna cet ordre:

179 713 934 83 c’est ainsi que vous parlerés à mon Seigneur

182 774 957 69 Esau: Jacob vôtre frere vous envoyé dire ceci:

186 824 923 77 J’ai demeuré chés Laban, et j'y ai été jusqu’à

26 876 1111 86 5 present. + J'ai des vâches, des asnes, des bre¬

186 937 925 73 bis, des serviteurs, et des servantes. J'envoye

184 990 929 78 maintenant des gens à Monseigneur, afin que

41 1042 1098 76 6 je trouve grace auprés de lui. + Ceux que Jacob

181 1090 918 77 avoit envoyés revinrent lui dire, nous avons

181 1132 961 91 été trouver votre frere Esau: voici qu'il avance

182 1181 927 82 vour venir au devant des vous avec quatre cens

52 1231 1085 89 7 hommes. + Ce qui donna de l'épouvante à Ja¬

181 1285 932 87 cob, et dans la terreur, où il étoit, il rangea

193 1334 949 103 en deux bandes le monde, qui étoit avec lui, aussi

196 1395 927 92 bien que les troupeaux, les brebis, les vaches et les

43 1451 1087 85 8 chameaux, + en disant: Si Esau vient pour char¬

193 1506 923 103 ger une des troupes, l'autre qui restera s'échap¬

20 1566 1098 80 9 pera. + Il fit aussi cette priere: Dieu de mon

184 1614 950 96 pere Abraham, Dieu de mon pere Isaac, Seig¬

196 1675 922 85 neur, qui m’avés dit: retournés en vôtre pais

188 1719 934 85 et au lieu de vôtre naissance, et je vous ferai

184 1797 953 108 V. II 1 Ces mots c'est a dire le camp sont du traducteur

158 1858 944 76 qui explique le mot Ebreu, et comme il est au düel

158 1900 950 87 au moins dans l'Ebreu de la masore, il est mieux

162 1947 534 87 de traduire deux Camps.
