1154 2174
161 34 900 107 crifices au Seigneur, et des 11 pains à son Dieu.

19 92 1040 110 22 + Il mangera neanmoins des pains, qu'on

18 153 1063 115 23 offre dans le sanctüaire, + à condition qu'il

157 215 899 111 n'entrera point au dedans du voile; et qu'il

156 271 907 107 ne s'approchera point de l'autel, parce qu'il

159 331 920 103 a vn defaut de corps, et qu'il ne doit point

161 391 918 110 profaner mon sanctüaire. Je suis le Seigneur

14 449 1087 141 24 qui les sanctifie. + Moyse dit donc à Aaron,

176 512 887 123 aux fils d'Aaron, et à tous les Israëlites

168 597 844 95 tout ce qui lui avoit été commandé.

201 693 885 86 11 Ce mot de pain comprend souvent en general

134 748 954 79 toute sorte de nourriture; et ainsi on le pourroit

143 793 932 94 entendre en general de toute sorte d'offrande, et

150 847 936 105 non seulement des pains, qui étoient exposés de¬

150 933 343 76 vant le Seigneur.

346 981 499 134 Chapitre XXII.

63 1087 1016 101 1 LeSeigneur parla encore à Moyse et

59 1161 1011 90 2 lui dot: + Dites à Aaron, et à ses fils,

197 1228 895 78 1 qu'ils s'abstiennent des choses, qui auront

199 1295 876 90 été conscrées par les Israëlites, et qu'ils

199 1364 887 81 ne profanent pas ce que les mêmes Israë¬

197 1416 902 98 lites m'offrent de saint. Je suis le Seigneur.

38 1489 1047 83 3 + Dites leur tant pour eux, que pour leurs

203 1547 869 72 descendans; tout homme de vôtre race,

197 1605 889 83 qui étant immonde s'approchera de ce qui a

203 1675 889 84 été consarcé et qui a été offert au Seigneur

201 1735 905 80 par les Israëlites, 2 sera exterminé entierement.

47 1788 1030 85 4 Je suis le Seigneur. + Tout homme de la

199 1871 889 69 V. II 1 sçavoir dans le temps, qu'ils sont immondes.

210 1918 871 71 V. III 2 Let. perira devant le Seigneur, dans l'Ebreu,

176 1963 783 96 cette ame sera retranchée de devant moi.
