1203 2151
10 91 1139 77 31 + Or Aaron et les Israëlites voyant que du

181 51 955 54 l’entretien qu’il avoit eu avec le Seigneur.

12 213 1126 86 31 craignirent d’approcher de lui. + Mais

181 152 962 89 visage de Moyse il sortoit des rayons, ils

168 274 1009 93 Moyse les ayant appellés, Aaron et les Prin¬

172 340 993 88 ces de l’assemblée retournerent vers lui; et

12 394 1133 113 33 aprés leur avoir parlé, + tous les Israëlites

177 469 1011 88 vonrent aussi le trouver, auxquels il comman¬

164 525 981 102 da d’observer toutes les choses, que le Seigneur

170 587 991 103 lui avoit dites sur la montagne de Sinai;

17 656 1112 93 34 + et ayant achevé de leur parler, il mot un

12 708 1108 112 35 voyle sur son visage, + qu’il ôtoit, quand il

170 781 968 81 entroit dans le tabernacle pour parler avec le

172 844 968 77 Seigneur jusqu’à ce qu’il en sortit, et alors il

170 890 948 92 disoit aux Israëlites tout ce qui lui avoit été

7 950 1131 96 36 ordonné. + Ils voyoient qu le visage de Moy¬

163 1016 968 89 se jettoit des rayons lorsqu’il sortoit, mais

164 1079 987 87 il remettoit le voile sur son visage, quand il

166 1145 420 73 alloit leur parler.

134 1245 1020 70 qu’on s’est servi de ce mot en cet endroit, parce que

136 1297 1009 70 les éclats de lumiere sortoient de la face de Moy¬

129 1353 1002 70 se, comme les cornes d’un taureau sortent hors de

134 1407 165 73 sa tête.

398 1444 541 145 Chapitre XXXV

77 1550 1077 111 1 Moyse donc ayant assemblé tous les Isra¬

207 1638 958 81 elites leur dit: voici ce que le Seigneur vous

62 1699 1054 80 2 ordonne d’observer. + Vous ferés vôtre

202 1776 945 70 travail pendant six jours, et le septieme

215 1822 944 79 jour, qui est le Sabbat et le repos du Seigneur

229 1876 916 90 vous sera saint. Quiconque travaillera

177 1959 968 91 V. II 1 C. distingüé de tous les autres jours de la se¬

150 2020 203 59 maine.
