1175 2097
201 26 898 66 non, jusqu'au milieu de la montagne de

41 125 1085 81 13 de la tribu de Ruben, et de Gad. + Je don¬

178 62 937 90 Galaad, et j'en donnai les villes à ceux

195 179 911 97 nai l'autre moitié de Galaad; et tout le pais

194 241 916 96 de Basan, qui étoit le Royaume d'Og avec

194 309 928 85 tout le pais d'Argob à la moitié de la tri¬

197 372 930 92 bu de Manasse, tout le pais de Basan 5 est

40 428 1094 104 14 appellé le pais des geans. + Sair fils de Ma¬

192 498 930 103 nassé prit possession de tout le pais d'ARgob

188 569 953 93 jusqu'aux confins de Gessuri, et de Machati,

195 632 945 93 et il appella Basan de son nom, Havot Jair,

194 704 937 82 c'est à dire les bourgs de Jair, qui se nom¬

33 763 1093 89 15 noment encore ainsi presentement. + Je donnai

24 824 1077 89 16 aussi Galaad à Machir; + et aux tribus

188 889 941 84 de Ruben et de Gad Je leur donnai 6 Gala¬

194 952 928 86 ad jusqu'au torrent d'Arnon, jusqu'au mi¬

194 1013 914 80 lieu du torrent, et de ses confins, jusqu'au

195 1071 918 64 torrent de Sebot, qui est la frontiere des Am¬

27 1118 1120 86 17 monites; + depuis sa plaine du desert, le Jour¬

174 1179 934 86 dain, et les confins 8 de Cenereth jusq'à la

187 1242 921 87 mer du desert, qui est la mer saleé, jusqu'au

26 1301 1075 91 18 pied du mont Ohasga à l'orient. + Et je

192 1361 916 99 vous fîs alors ce commandement: Le Seig¬

187 1432 911 81 neur vôtre Dieu vous donne ce pais pour le

185 1487 909 96 posseder: comme vous éetes tous de braves

187 1555 907 80 gens marchés armés à la tête de vos freres

26 1600 1059 100 19 les Israelites, + sans mener vos femmes,

192 1668 909 93 ni vos petits enfans ni vos bêtes: car je

160 1719 950 98 sçai, que vous aviés plusieurs trouppeaux,

173 1805 954 99 V. XIII 5 Autr. S'appelloit le pais des Rephaims, com¬

148 1850 476 72 me il y a dans l'Ebreu.

176 1894 937 96 V. XVI 6 C. du pais de Gallad. Mais on peut aussi

134 1936 656 91 traduire sur l'Ebreu depuis Galaad

180 1990 918 94 V. XVIII 7 S. Jerome a mis ici deux mots, où il n'y en
