1202 2089
210 8 925 94 tité si prodigieuse, qu’on n’en avoit point vû

207 60 909 96 auparavant un si grand nombre, 8 et qu’on

20 167 1096 97 15 + Elles couvrirent toute la superficie de la

209 114 879 96 n’en verra point à l’avenir de pareil.

207 228 923 92 terre, 9 et gasterent tout, elles mangerent

203 278 890 106 l’herbe, et tout ce qu’il y avait de fruit

205 342 897 107 aux arbres, que la gresle avoit laissé, en

198 400 904 110 sorte qu’il ne resta quoi que ce soit de verd

210 461 925 97 aux arbres, ni dans les herbes par toute l’E¬

20 518 1086 105 16 gypte. C’est pourquoi Pharaon appella

209 572 904 101 aussitôt Moyse et Aaron, auxquels il dit:

205 638 918 94 J’ai peché contre le Seigneur vôtre Dieu, et

19 699 1069 105 17 contre vous. + Mais pardonnés moi mon

202 762 914 80 peché encore cette fois, et priés le Seigneur

202 807 928 93 vôtre Dieu d’eloigner de moi cette 1 playe mor¬

33 859 1067 101 18 telle. Moyse ayant quitté Pharaon, pria

29 927 1073 112 19 le Seigneur, + qui 2 fit souffler un tres gros

195 992 933 80 vent d’Occident, lequel en leva les sauterel¬

200 1047 904 82 les, et les jetta dans la mer rouge. Il n’en

20 1103 1068 98 20 resta pas une seule dans toute l’Egypte. + Mais

195 1171 905 85 le Seigneur endurcit le cœur de Pharaon, qui

20 1225 1080 96 21 ne laissa point aller les Israëlites. + C’est

195 1295 898 83 pourquoi il dit à Moyse: étendés vôtre main

205 1356 902 74 vers le ciel; et il y aura sur l’Egypte des

203 1413 918 78 tenebres si épaisses, 3 qu’on les pourra toucher.

40 1469 1062 85 22 + Moyse étendit sa main vers le viel, et il se

193 1533 907 68 fit d’horribles tenebres dans toute l’Egypte

179 1610 960 68 V. XV. 8 Il y a dans l’Ebreu: et elle en fut obscurcie, com¬

156 1657 899 59 me si la terre avoit été toute noire de ces sauterelles.

182 1699 953 76 V. XVII 1 Let. Mort. Cette derniere playe est ainsi nom¬

156 1747 948 70 mée, parceque les sauterelles rüinoient tout son pais,

167 1793 512 62 et mangeoient ce qui y restoit.

198 1829 913 77 V. XIX 2 Le verbe, qui est dans l’Ebreu, signifie propre¬

158 1885 960 71 ment tourna: ce qui exprime tres bien un changement d’e¬

158 1942 143 47 vent.

189 1965 688 99 V. XXI 3 C’est une expression hyperbolique.
