1151 2151
50 71 1068 101 10 bien et du mal. + 7 De ce lieu de plaisir il

173 43 947 82 au milieu du Jardin, et l'arbre de la science du

50 168 1077 104 11 il se divise en quatre 8 canaux. + L'un se nomme

186 125 938 100 sortoit un fleuve pour arroser le jardin, d'où

184 215 909 104 9 Phison: c'est celui qui fait divers tous dans

44 320 1060 92 12 + et l'or de cette terre est tres bon. C'est où

182 270 913 90 toute la terre d'Hevila, où il vient de l'or;

50 376 1052 75 13 se trouve le 10 bdellion, et la pierre 11 d'Onyx: + le

181 423 932 80 second feluve se nomme 12 Gehon: c'est celui qui

191 476 949 88 fait divers tours dans toute la terre 13 d'Ethiopie.

50 537 1066 76 14 + Le troisiéme feluve se nomme 14 Tigre: Il va

191 589 895 74 vers l'Assyrie: et le quatriéme fleuve est

55 641 1049 74 15 l'Euphrate. + Le seigneur Dieu prit donc

195 688 905 84 l'homme, qu'il mit dans le Jardin 15 de plaisir

51 745 1048 79 16 pour le cultiver, et le garder. + et il lui fit

186 801 923 70 ce commendement: mangés du fruit de tous

148 883 974 79 comme si Eden étoit un nom propre; mais Symmaque

148 935 386 63 appuiye la vulgate.

177 980 446 68 V. X. 7 Autre. de Eden.

225 1016 866 82 8 Lett. testes. Il y a à la lettre dans l'Ebreu

145 1070 946 82 et étoit en quatre testes: or le mot, qui signifie

139 1116 981 86 teste dans l'Ebreu, signifie aussi une partie de quel¬

148 1166 940 81 que chose, et il se prend ici pour de canaux, ou

147 1233 195 54 branches.

186 1252 932 74 V. XI 9 Saad. et l'Interprete Arabe des Samaritains

148 1304 943 76 ont traduit le Nil: mails ils  se trompent. Il faut

145 1351 971 70 retenir le mot de Phison, qui est le preier canal de

139 1394 954 79 ces quatre, et qui étoit occidental passant prés de

139 1444 205 58 Bassora.

182 1457 924 86 V. XII. 10 Ebr. bedolati. Les Interpretes sont fort par¬

138 1507 971 82 tagls sur ce mot, l'opinion la plus probable est, que c'est

138 1568 369 54 le nom d'une perle.

234 1584 884 88 11 Il y a dans l'Ebreu Soham, qui est le nom d'une

141 1640 984 82 pierre precieuse, dont on ne peut rien dire de bien certain.

186 1681 909 86 V. XIII 12 C'est le canal oriental, qui est à l'autre costé

138 1745 216 61 de Phison.

254 1756 830 93 13 Il y a dans l'Ebreu Chus qu'il faut garder,

129 1819 955 79 parceque ce n'est pas le pais, que nous appellons au¬

132 1873 314 68 jourd'hui Ethiopie

190 1887 921 93 V. XIV 14 Le nom de Tigre est un mot Persan, qui signi¬

130 1944 963 85 fie fleche. Ce feluve a été ainsi nommé à cause de

127 1987 740 90 sa rapidité. Il y a dans l'Ebreu hidekel.

186 2045 425 71 V. XV. 15 Autr. d'Eden.
