1163 2036
168 44 910 117 lesquels doivent demeurer dans les villes que

23 127 1056 88 20 je vous ai donées, + jusqu'à ce que le Seig¬

174 184 966 99 neur mette vos freres en un lieu de repos, comme

178 242 905 93 il vous y a mis, et qu'ils soient en possession

174 300 888 88 du paos qu'il leur doit donner au delà du

174 356 902 85 Jourdain, chacun de vous alors retournera

16 419 1070 90 21 dans les terres, que je vous ai données. + Je

174 483 914 90 fis aussi alors ce commandement à Josüé:

196 548 871 78 vos yeux ont vû ce que le Seigneur vôtre

191 607 871 78 Dieu a fait à ces deux Rois: Il fera la

191 671 873 80 même chose à tous les Royaumes, où vous

37 732 1042 84 22 devés aller; + N'en ayes point de peur:

195 788 872 78 car le Seigneur vôtre Dieu combattra pour

44 846 1049 88 23 vous. + Et je fis en même teḿs cette priere

42 912 1022 92 24 au Seigneur: + Seigneur Dieu vous avés

190 968 916 78 commancé à faire paroître à vôtre serviteur

202 1026 889 80 vôtre grandeur, et la force de vôtre main:

193 1084 896 91 car il n'y a point d'autre Dieu soit dans

200 1141 864 102 le Ciel, soit dans la terre qui puisse faire

196 1223 882 83 ce que vous faites, et vous étre comparé

62 1272 1026 114 25 pour ce qui est de la force. + 1 Je passerai

207 1340 884 91 donc au dela du Jourdain, où je verrai

193 1396 910 108 ce pais qui est si bon, cette montagne excel¬

62 1452 1043 115 26 lente et le Liban. + Mais le Seigneur s'é

202 1523 882 105 tant mis en colere contre  moi à cause de

202 1576 906 122 vous, ne m'exauça point; Il me dit au con¬

154 1669 952 87 a qu'un dans l'Ebreu qui signifie plaine et desert.

246 1720 840 97 8 Il y a dans l'Ebreu depuis Cinereth, et jusqu'à

142 1789 399 75 la Mer de la plaine.

181 1820 922 78 V. XVIII 9 Ce discours ne s'adresse qu'aux tribus de Ruben,

156 1866 844 78 et de Gad, et à la moitié de celle de Manassé.

198 1917 696 86 V. XXV 1 C. Je vous prie que je passe.
