1161 2136
23 51 1077 66 10 du bien, + Je ne suis pas digne de toutes les bon¬

162 78 954 105 tés, que vous avés eües pour moi, et de la fideli¬

162 131 943 95 te, dont vous avés usé envers vôtre serviteur:

160 185 938 89 J’ai passé cette riviere du Jourdain, n'ayant

162 256 925 76 que mon baston, et je retourne presentement

26 299 1081 87 11 avec deux troupes; + Delivrés moi de la main

169 359 920 85 de mon frere, parce que je crains fort, qu'il

28 420 1086 76 12 2 ne tue la mere avec les enfans. + Vous avés

165 466 915 92 dit, que vous me feriés du bien, et que vous

154 523 937 92 multiplierés race, comme le sable de la mer

30 587 1082 85 13 qu'on ne peut compter tant il y en a. + Ayant

167 639 920 87 passé la nuit en ce lieu là, il mit à part ce

167 695 928 95 qu'il avoit dessein de donner pour present à son

24 756 1076 89 14 frere Esau + deux cens chevres, vingt boucs,

28 818 1090 84 15 deux cens brebis, et vint beliers, + trente femel¬

167 868 945 94 les des chameaux qui alletoient, avec leurs petits,

158 932 960 91 quarante vaches, 3 vingt taureaux, vingt ânes¬

26 984 1086 89 16 ses, et dix ânons. + Il envoya separement

174 1037 956 105 chacun de ces troupeaux par ses serviteurs, aux¬

165 1094 958 100 quels il dit: marchés devant moi, et qu’il y ait

21 1158 1113 91 17 de l'espace entre chaque troupeau. + Et il don¬

174 1215 915 93 na cet ordre à celui qui étoit à la tête; si

179 1270 928 98 vous rencontrés mon frere Esaü, et qu'il vous

169 1336 927 93 demande: qui étes vous, où allés vous, et à

19 1395 1097 87 18 qui sont ces bestes, qui sont devant vous; + Vous

167 1448 938 91 répondrés: elles sont à vôtre serviteur Jacob;

169 1513 952 92 il les a envoyées pour present à Monseigneur

167 1571 940 86 Esau: Il vient aussi lui-même aprés nous.

19 1625 1088 98 19 + Il donna des semblables ordres au second, au

165 1689 912 85 troisiéme, et à tous ceux, qui suivoient les

174 1747 922 82 troupeaux, leur disant de parler d'une même

37 1806 1084 80 20 maniere à Esau, lorsqu’ils le rencontrerent, + et

146 1890 436 73 V. XI 1 Let. me frappe.

149 1941 935 81 V. XV 3 Ebr. dix, et il n'y a point autrement dans

108 1995 730 80 les Septante, et lans les autres versions.
