1100 2124
185 8 879 108 race d'Aaron, qui sera le preux, ou qui au¬

180 86 882 89 ra une gonorrhée, ne mangera point de ce

180 145 856 85 qui m'a été consacré jusqu'à ce qu'il soit

187 207 875 72 gueri. Celui qui touchera un homme de¬

184 256 901 90 venu immonde à cause d'un mort, ou qui au¬

49 325 994 80 5 ra une gonorrhée, + ou qui aura touché

184 377 907 90 quelque reptile, ou toute autre chose immon¬

177 447 871 71 de, qu'on ne peut toucher sans devenir

56 486 1028 105 6 immonde, + sera immonde jusques au soir,

189 573 849 71 et il ne mangera point de ce qui m'a

180 631 873 73 été consacré; mais apres qu'il se sera

40 679 1024 112 7 lavé dans l'eau, + et que le soleil se¬

185 755 872 69 ra couché, étant alors purifié, il pourra

187 815 884 80 manger des choses sanctifiées, parce qu c'est

51 874 1040 92 8 sa nourriture. + Ils ne mangeront d'au¬

187 946 872 73 cune bête morte d'elle même, ou dechirée

184 1021 891 76 par une autre bête, pour ne pas se foüiller

46 1079 1002 110 9 en les mangeant: Je suis le Seigneur; +

184 1161 866 78 qu'ils servent mes commandemens, de peur

184 1224 887 71 que pechant ils ne meurent dans le sanctu¬

184 1285 889 79 aire aprés l'avoir profane: Je suis le Seig¬

31 1338 1019 106 10 neur, qui les sanctifié. + Nul 3 étranger

189 1416 887 83 ne mangera des choses, qui ont été consa¬

189 1479 868 83 crées, ni 4 celui qui étant de dehors, de¬

196 1548 875 76 meure chés le sacrificateur, ni 5 le mercrenai¬

177 1644 899 72 V. X. 3 Le mot d'étranger se prend ici en quelques

155 1690 865 76 autres endroits pour celui, qui n'est point de race

147 1752 256 53 sacerdotale.

258 1778 785 66 4 C. L'esclave, qui aprés avoir eu sa liberté,

159 1831 599 64 demeure encore chés son maître.

239 1870 804 80 5 C. L'esclave qui ne sert que pendant un cer¬

155 1923 895 73 tain nombre d'années, on peut neanmoins enten¬

164 1975 893 74 dre par ces deux derniers mots toute autre per¬
