1127 2133
40 47 1030 107 26 + Il n'y a point de Dieu, qui soit comme

186 122 896 84 le Dieu 41 du tres droit, 42 celui qui habite le ciel

183 183 906 81 est vôtre protecteur. 43 C'est par sa magnifi¬

51 241 1024 91 27 cence, que les nüées marchent. + 44 Sa de¬

195 298 862 85 meur est en haut, et 45 ses bras qui ne se

195 364 926 83 lassent jamais sont en bas. Il chassera l'en¬

51 417 1045 107 28 nemi devant vous, 46 et il le brisera. + Israel

191 487 879 83 habitera seul en assurance: Jacob aura

193 547 887 89 l'oeil sur une terre de froment, et de vin,

193 609 887 93 47 et une épasse rosée tombera des cieux.

62 671 1013 96 29 + Vous étes heureux ô Israël: qui est ce qui

158 767 953 73 a sa source dans cette tribu, et qui se repand au large,

163 810 914 80 il y a neanmoins simplement dans l'Ebreu il saute

159 863 925 87 de Basan, ce qui marque la vaillance de cette tribu

158 917 915 90 qu'on compare à un lion de Basan, où il y avoit

159 984 306 61 des forts lions.

215 1020 892 92 V. XXIV 39 Cette expression marque un pais abondant

172 1066 195 60 en huile,

211 1096 901 78 V. XXV. 39 C. Sous ses pieds il y aura du fer et de l'ai¬

175 1158 904 70 rain; ce qui marque, qu'il y aura dans son pais des

170 1190 389 75 mines de ces metaux.

328 1231 738 77 40 Il y a dans l'Ebreu vôtre force comme

168 1285 932 74 vos jours, C. vous serés fort tant que vous vivrés. S.

177 1329 937 69 Jerome a exprimé le sens de ces paroles dans vôtre vulg.

202 1372 905 67 V. XXVI 41 C. D'Israël. Comme on l'a deja remarqué

174 1423 947 94 ci-dessus. 42. Lett. Celui qui monte à cheval sur les cieux

177 1484 944 71 c'est ainsi qu'on depeint Dieu dans l'Ecriture, comme

181 1533 499 63 étant monté sur les nüées.

339 1565 757 75 43 Il y a dans l'Ebreu: et les nüées dans sa

177 1624 914 73 magnificience; c'est la même chose que ce qui precede

174 1669 919 74 sçavoir que la Majesté de Dieu est montée sur les nüées.

225 1718 891 68 V. XXVII 44 Le Chald. et les Syriaque ont traduit l'Ebreu

183 1761 936 75 plus à la lettre: la demeure de Dieu est de toute éternité.

167 1814 682 79 Sçavoir dans le ciel ou dans les nüées.

339 1859 750 60 45 c. quoiqu'il soit dans le ciel, il ne laisse pas

177 1893 900 76 d'avoir toûjours les bras étendus vers la terre, pour

175 1937 546 75 soutenir et assister les Israëlites.

314 1978 432 76 46. Lett. et il dira briser.

225 2013 862 82 V. XXVIII 47 Lett. et les cieux seront obscurcis de rosée,
