1178 2290
38 59 1105 72 3 ce jour là sera mis à mort. + 2 Vous n’al¬

51 167 1071 92 4 le jour du Sabbat. + Moyse dit de plus

187 101 973 103 lumerés point de feu dans toutes vos maisons

47 278 1115 99 5 voici ce que le seigneur a ordonné: + Met¬

189 227 937 93 aux Israëlites, qui étoient tous assemblés:

189 337 937 94 tés à part 3 vos offrandes pour le Seigneur;

190 410 942 84 que chacun vienne les presenter volontaire¬

198 463 949 94 ment, et de bon cœur au Seigneur; or, ar¬

61 526 1094 84 6 gent et airain, + hyacinte, pourpre, écar¬

200 574 960 97 late teinte deux fois, fin lin, poils de chevres,

72 639 1060 84 7 + peaux de mouton teintes en rouge, peaux

71 726 1108 59 8 teintes en violet, des bois de Setim, + de l’hui¬

194 757 959 86 le pour mettre dans les lampes, et pour l’on¬

202 818 937 86 ction, et pour la composition des parfums

53 877 1109 103 9 d’un agreable odeur; + des pierres d’onyx,

202 938 930 79 et des pierres pretieuses, pour l’ornement de

55 994 1088 88 10 l’Ephod, et du rational. + que ceux d’entre

196 1057 943 86 vous, qui ont quelque habileté viennent pour

63 1120 1093 97 11 faire ce que le Seigneur a commandé; + sça¬

196 1186 947 83 voir le tabernacle, 4 son toit, et la couvertu¬

194 1257 920 71 re, les anneaux, les ais avec les barres, les

53 1305 1077 97 12 pieus et les bases, + l’arche avec ses barres,

192 1377 964 86 le propitiatoire, et le voile qui doit étre suspen¬

66 1433 1089 86 13 du devant, + La table avec ses barres et ses ba¬

208 1490 906 84 ses, et les pains qui doivent être exposés.

66 1545 1052 88 14 + Le chandelier pour porter les lampes, ce

198 1599 934 99 qui sera à son usage, les lampes, et l’huile

185 1686 922 88 V. III 2 Cette loi n’est pas si generale, que les Juifs

156 1738 974 88 n’y trouvent quelques exceptions, mais les Sama¬

160 1784 956 91 ritains l’observent plus exactement aussi bien que

150 1832 959 108 plusieurs autres commandemens que les Rabbins

173 1889 945 95 ont interpretés à leur maniere; et ils ont fait

171 1933 959 101 passer ensuite leurs interpretations pour des tra¬

141 1982 987 103 ditions, que Moyse a reçues de Dieu sur la monta¬

162 2061 259 62 gne de Sinai

225 2057 886 107 V. V. 3 Let. premices. Mais S. Jerome entend par

164 2118 989 97 ce mot des premices les offrandes en general. Voyes Chap.

171 2194 149 48 25.v.2.

219 2202 409 76 V. XI 4 Ebr. sa tente.
