1141 2253
31 41 1074 58 17 les arbres du jardin. + Mais mangés point

178 69 929 71 de celui de l'rabre de la conscience du bien et du

31 167 1064 73 18 aurés mangé. + Le Seigneur Dieu dit aussi:

172 122 916 67 mal. Car 16 vous mourrés aussitôt que vous en

35 259 1057 82 19 lui un aide, qui lui ressemble. + Le Seigneur

178 214 932 71 Il n'est pas bon, que l'homme soit seul, 17 faisons

172 307 948 77 Dieu ayant donc formé de la terre tous les ani¬

171 352 932 81 maux des champs, et ayant fait tous les oiseaux

172 403 925 77 du ciel, il les amena à Adam, afin qu'il vit quels

176 448 934 87 noms il leur donneroit. Car le nom qu'Adam don¬

165 501 930 77 na à chacun des animaux, c'est son propre nom.

26 544 1056 79 20 + Adam donna à tous les animaux leurs noms,

163 578 931 97 à tous les oiseaux du ciel, et à toutes les bestes de la

165 634 923 79 terre. A l'egard d'Adam il ne se trouvoit point

18 679 1074 88 21 d'aide, qui lui ressamblât, + Le seigneur Dieu

171 726 900 94 donc le jetta dans un 18assoupissement, et lorsqu'il

159 782 927 83 fut endormi, il lui tira une coste, et mit de la

28 837 1054 77 22 chair à la place. + Et de la coste, qu'il avoit

159 884 904 81 ostée à Adam, il en forma une femme, qu'il lui

18 936 1053 72 23 amena. + Et Adam dit: c'est là enfin un os

161 993 914 71 de mes os, et une chair de ma chair: elle s'ap¬

159 1040 927 78 pellera 5 d'un nom qui lui sera commun avec l'homme,

26 1085 1056 73 24 parcequ'elle a esté prise d'un homme. + C'est

161 1147 906 62 pourquoi l'homme quittera son pere et sa mere

157 1186 916 64 pour s'attacher à sa femme, et il ne seront

22 1229 1038 79 25 tous deux qu'une même chair. + Or

159 1278 901 68 l'un et l'autre sçavoir Adam et sa femme

154 1312 926 90 étoient nuds, et ils n'en avoient point de honte.

129 1387 942 103 V.XVII. 16 Lett. Vous mourrés de mort: plusieurs pre¬

112 1441 933 83 tendent, que cette repetition, qui est fort ordinaire

103 1488 951 87 aux Ebreux signifie quelque chose de plus fort que

103 1528 964 94 le mot simple c. vous mourrés tres certainement, ou sans

107 1571 945 81 doute vous mourrés, mais souvent ces mots repetés

109 1614 943 81 ne sont pas plus forts que des mots simples, comme on

99 1644 974 98 dit en latin vivere vitam pour vivre. S. Jerôme

99 1710 946 79 approuve fort l'interpretation de Symmaque, qui

99 1736 786 96 a traduit selon le sens vous serés mortels.

140 1779 452 81 V.XVIII. 17 Ebr. Je ferai

137 1819 932 103 V.XXI 18 Le mot Ebreu signifie un profond sommeil.

133 1875 927 94 V. XXIII 19 On a été obligé de se servir de circom¬

99 1913 946 94 scription. Il y a dans l'Ebreu une figure appellée

97 1956 965 94 paronomasie, que S. Jerôme a imitée en mettant virago

97 1995 955 89 dans le latin, comme si du mot d'homme on formoit

99 2031 940 86 celui d'hommasse pour dire une femme, et nous disons

103 2069 925 86 même aujourd'hui hommasse, pour marquer une femme

105 2106 680 83 qui tient quelque chose de l'homme.

907 2177 143 66 Chapitre
