1132 2055
23 8 1031 91 23 pendant trois jours. + On ne se vit point

179 66 937 82 l’un l’autre, et personne ne se leva de sa place:

184 118 857 80 mais le jour luisoit dans tous les lieux, où

22 166 1036 90 24 habitoient les Israëlites. + Pharaon appella

171 227 907 84 Moyse, et Aaron, auxquels il dit: allés sacri¬

172 280 884 93 fier au Seigneur; mais vos brebis, et vôtre

179 351 910 77 gros bestail demeurera; que vos petits enfans

22 397 1044 92 25 aillent avec vous: + Moyse répondit: vous

183 465 901 83 laiserés aussi en nôtre disposition des animaux

181 515 877 87 pour offrir des sacrifices et des holocaustes

23 570 1050 97 26 au Seigneur nôtre Dieu. + Tous nos trou¬

160 631 900 93 peaux iront avec nous, sans qu’il reste

183 685 894 92 l’ongle d’une seule beste, en ayant besoin

191 746 894 82 pour le culte du Seigneur nôtre Dieu, princi¬

184 804 876 88 palement, parceque nous ne sçavons pas ce

190 864 880 86 qui doit lui étre sacrifié jusqu’à ce que nous

30 924 1060 93 27 soyons arrivés au lieu. + Mais le Seig¬

202 984 878 76 neur endurcit le cœur de Pharaon, qui ne

32 1044 1041 87 28 voulut point les laisser aller. + Pharaon

188 1106 882 72 dit à Moyse, retirés vous d’ici, et donnés

186 1167 886 67 vous bien de garde de vous presenter da¬

193 1229 860 67 vantage devant moi; car si vous vous

186 1277 910 86 y presentés, je vous ferai mourir sur l’heure.

41 1332 1013 99 29 + Moyse répondit: je ferai ce que vous

203 1399 887 90 avés dit: je ne me presenterai plus à l’ave¬

200 1467 387 69 nir devant vous.

345 1535 411 146 Chapitre XI.

75 1645 991 94 1 Le Seigneur 1 dit à Moyse: Je frapperai

188 1757 858 66 V. I 1 Quelques uns traduisent avoit dit, sçavoir

154 1796 907 74 avant que Moyse eut quitté Pharaon, étant évidant

150 1842 889 72 que ce Chapitre n’est point rapporté dans sa place,

143 1890 899 55 mais on a deja remarqué, que l’ordre n’est point

131 1921 944 80 souvent gardé dans l’Ecriture, même dans les histoi¬

154 1971 683 66 res, et ainsi il ne faut rien changer.
