<?xml version="1.0" encoding="UTF-8"?>
<alto xmlns:xsi="http://www.w3.org/2001/XMLSchema-instance"
      xmlns="http://www.loc.gov/standards/alto/ns-v4#"
      xsi:schemaLocation="http://www.loc.gov/standards/alto/ns-v4# http://www.loc.gov/standards/alto/v4/alto-4-2.xsd">
  <Description>
    <MeasurementUnit>pixel</MeasurementUnit>
    <sourceImageInformation>
      <fileName>0009_Blatt.154_1.jpg</fileName>
      
    </sourceImageInformation>
  </Description>
  
  <Tags>
    <OtherTag ID="BT1585" LABEL="MarginTextZone:apparatus" DESCRIPTION="block type MarginTextZone:apparatus"/><OtherTag ID="BT1586" LABEL="NumberingZone" DESCRIPTION="block type NumberingZone"/><OtherTag ID="BT1587" LABEL="MainZone" DESCRIPTION="block type MainZone"/><OtherTag ID="BT1588" LABEL="QuireMarksZone" DESCRIPTION="block type QuireMarksZone"/>
    <OtherTag ID="LT610" LABEL="DefaultLine" DESCRIPTION="line type DefaultLine"/><OtherTag ID="LT611" LABEL="InterlinearLine" DESCRIPTION="line type InterlinearLine"/><OtherTag ID="LT612" LABEL="HeadingLine" DESCRIPTION="line type HeadingLine"/>
  </Tags>
  
  <Layout>
    <Page WIDTH="1218"
          HEIGHT="2252"
          PHYSICAL_IMG_NR="8"
          ID="eSc_dummypage_">
      <PrintSpace HPOS="0"
                  VPOS="0"
                  WIDTH="1218"
                  HEIGHT="2252">
        
        <TextBlock HPOS="11"
                   VPOS="18"
                   WIDTH="1201"
                   HEIGHT="1852"
                   ID="eSc_textblock_2e4e8145"
                   TAGREFS="BT1587">
          <Shape><Polygon POINTS="11 18 11 1870 1212 1870 1212 18"/></Shape>
          
          
          <TextLine ID="r2l1"
                    TAGREFS="LT610"
                    BASELINE="25 103 239 100 288 103 338 104 387 105 437 106 486 106 536 106 585 106 635 105 684 105 733 104 783 104 832 105 882 105 931 106 981 108 1030 111 1080 114 1129 117 1190 126" 
                    HPOS="24"
                    VPOS="71"
                    WIDTH="1165"
                    HEIGHT="62">
            <Shape><Polygon POINTS="1141 71 1139 71 1137 71 1064 78 1032 71 1017 71 998 71 985 71 915 78 880 73 867 73 848 73 829 73 810 73 791 73 780 73 746 76 726 73 716 73 698 73 681 73 673 76 654 73 641 73 623 73 604 73 594 73 593 75 589 73 585 75 566 75 548 75 529 75 510 75 491 75 472 75 454 75 435 75 416 75 397 75 379 75 360 75 341 75 322 75 304 75 285 76 266 76 247 76 228 76 210 76 191 76 172 76 153 76 135 76 116 76 97 76 78 76 60 76 41 76 24 76 24 101 24 118 150 106 172 120 176 123 178 123 180 123 182 125 238 125 238 123 240 123 242 123 243 121 255 112 309 121 326 123 328 123 350 121 426 114 476 123 501 127 502 127 587 123 825 114 977 114 1004 129 1015 133 1017 133 1019 133 1187 129 1189 125 1186 71 1152 80 1142 71 1141 71"/></Shape>
	    <String CONTENT="15 pour entretenir le feu, + l’autel des parfums"
                    HPOS="24"
                    VPOS="71"
                    WIDTH="1165"
                    HEIGHT="62"></String>
          </TextLine>

          
          
          <TextLine ID="r2l2"
                    TAGREFS="LT610"
                    BASELINE="206 161 254 163 303 165 352 166 401 167 449 166 498 166 547 165 596 164 644 163 693 162 742 161 791 161 839 161 888 161 937 162 986 164 1034 166 1083 170 1132 174 1193 180" 
                    HPOS="202"
                    VPOS="105"
                    WIDTH="989"
                    HEIGHT="88">
            <Shape><Polygon POINTS="624 105 623 105 621 105 564 110 563 110 561 110 561 112 546 125 469 125 467 123 435 106 433 106 431 106 429 106 382 121 354 108 352 108 350 108 349 108 302 120 258 110 257 110 204 118 204 159 202 174 326 168 347 178 350 180 352 180 471 182 472 182 484 180 536 168 561 182 566 183 568 183 570 183 594 182 658 174 668 182 669 183 669 185 671 185 673 185 731 187 733 187 735 187 745 183 763 174 816 174 957 178 970 185 981 191 983 191 985 191 987 191 998 185 1011 180 1019 185 1026 193 1028 193 1030 193 1032 193 1189 187 1191 178 1180 135 1150 123 1148 123 1146 123 1144 123 1142 123 1124 136 1122 136 1107 136 1062 135 1035 114 1034 114 1032 114 1030 114 1028 114 1026 114 1004 135 1002 135 913 110 912 110 823 110 822 110 820 110 790 123 778 114 776 114 775 114 773 114 730 120 713 106 711 106 709 106 707 106 636 116 628 106 626 106 626 105 624 105"/></Shape>
	    <String CONTENT="avec ses barres, l’huile pour oindre, le parfum"
                    HPOS="202"
                    VPOS="105"
                    WIDTH="989"
                    HEIGHT="88"></String>
          </TextLine>

          
          
          <TextLine ID="r2l4"
                    TAGREFS="LT610"
                    BASELINE="25 282 241 283 290 284 339 285 389 286 438 286 487 286 537 286 586 286 635 285 685 285 734 285 783 285 832 285 882 285 931 285 980 286 1030 287 1079 288 1128 290 1178 293" 
                    HPOS="22"
                    VPOS="221"
                    WIDTH="1154"
                    HEIGHT="92">
            <Shape><Polygon POINTS="1092 227 1090 227 1073 227 1020 227 1019 227 1017 227 996 234 970 243 960 234 955 230 955 228 953 228 951 228 902 227 900 227 898 227 880 234 867 240 853 234 844 230 842 230 840 230 838 230 822 234 793 242 786 234 776 227 775 227 773 227 771 227 679 234 660 236 654 236 615 225 613 225 611 225 563 236 549 238 525 236 444 227 442 227 441 227 439 227 424 236 422 238 420 236 405 225 403 225 401 225 397 225 379 225 360 227 341 227 328 227 266 236 240 240 112 240 108 238 73 221 71 221 69 221 67 221 24 236 24 281 22 289 262 290 262 292 307 307 309 307 311 307 313 307 343 292 360 307 362 307 364 307 365 307 427 292 433 292 441 294 491 307 493 307 495 307 563 294 568 294 574 294 638 305 639 305 641 305 643 305 658 296 660 296 669 296 748 296 760 307 760 309 761 309 763 309 765 311 844 311 844 309 846 309 868 298 872 296 949 296 955 298 974 311 975 311 977 311 979 313 1062 313 1062 311 1064 311 1065 311 1065 309 1077 300 1088 309 1088 311 1090 311 1092 311 1094 313 1152 313 1152 311 1154 311 1174 300 1176 292 1174 234 1111 240 1101 234 1094 227 1092 227"/></Shape>
	    <String CONTENT="16 nacle; + l’autel des holocaustes et sa grille"
                    HPOS="22"
                    VPOS="221"
                    WIDTH="1154"
                    HEIGHT="92"></String>
          </TextLine>

          
          
          <TextLine ID="r2l3"
                    TAGREFS="LT610"
                    BASELINE="178 227 227 227 277 227 327 226 377 226 427 225 476 225 526 224 576 223 626 222 676 222 725 221 775 221 825 221 875 221 925 222 974 223 1024 224 1074 226 1124 229 1174 231" 
                    HPOS="174"
                    VPOS="172"
                    WIDTH="998"
                    HEIGHT="73">
            <Shape><Polygon POINTS="176 225 174 240 598 243 600 243 602 243 604 243 632 234 649 243 651 243 653 243 654 243 658 243 701 234 743 243 745 243 746 243 750 243 825 234 838 243 838 245 840 245 842 245 844 245 855 245 913 236 951 245 953 245 955 245 957 245 959 245 960 245 975 236 1169 245 1172 230 1172 191 1131 176 1129 176 1127 176 1126 176 1124 176 1105 189 1090 178 1088 178 1086 178 1084 178 1082 178 1054 189 1052 189 1050 189 1022 174 1020 174 1019 174 1017 174 977 185 966 176 966 174 964 174 962 174 960 174 855 182 816 172 814 172 812 172 810 172 808 172 793 185 790 187 788 185 769 172 767 172 765 172 763 172 675 183 634 187 623 182 602 172 600 172 598 172 559 182 532 187 523 180 512 172 510 172 508 172 506 172 450 180 401 185 176 176 176 225"/></Shape>
	    <String CONTENT="fait d’aromates, le voile à la porte du taber¬"
                    HPOS="174"
                    VPOS="172"
                    WIDTH="998"
                    HEIGHT="73"></String>
          </TextLine>

          
          
          <TextLine ID="r2l5"
                    TAGREFS="LT610"
                    BASELINE="185 342 233 343 281 345 329 345 377 346 425 347 473 347 522 347 570 347 618 347 666 346 714 346 762 346 810 346 859 346 907 346 955 346 1003 346 1051 347 1099 348 1166 354" 
                    HPOS="182"
                    VPOS="287"
                    WIDTH="983"
                    HEIGHT="82">
            <Shape><Polygon POINTS="183 341 182 350 467 362 469 362 471 362 486 358 502 352 516 358 525 362 527 362 529 362 585 360 677 354 688 362 690 364 692 364 694 364 696 364 707 362 741 354 816 364 837 365 838 365 850 364 883 358 893 365 895 367 897 367 898 367 900 367 923 365 994 358 1005 367 1007 367 1009 367 1161 369 1165 352 1161 309 1109 313 1096 307 1084 302 1082 302 1080 302 1079 302 1062 305 1035 313 1024 305 1019 300 1017 300 1015 300 1013 300 1011 300 1009 300 1004 305 998 307 994 304 985 298 985 296 983 296 981 296 942 296 940 296 938 296 936 296 936 298 928 304 923 309 913 302 912 302 910 302 908 302 906 302 904 302 885 311 878 302 870 296 870 294 868 294 867 294 865 294 863 294 850 302 833 311 743 311 703 298 690 294 688 294 583 290 581 290 549 294 463 305 394 305 356 290 352 289 350 289 349 289 347 289 345 289 328 302 258 302 242 289 242 287 240 287 238 287 183 287 183 341"/></Shape>
	    <String CONTENT="d’airain avec ses barres et tous ses vases,"
                    HPOS="182"
                    VPOS="287"
                    WIDTH="983"
                    HEIGHT="82"></String>
          </TextLine>

          
          
          <TextLine ID="r2l6"
                    TAGREFS="LT610"
                    BASELINE="26 416 234 405 284 405 334 406 384 406 434 406 483 405 533 405 583 405 633 405 683 405 732 405 782 404 832 405 882 405 932 405 981 405 1031 406 1081 407 1131 408 1192 413" 
                    HPOS="22"
                    VPOS="347"
                    WIDTH="1169"
                    HEIGHT="90">
            <Shape><Polygon POINTS="885 347 880 347 868 358 859 367 812 367 801 358 788 347 773 347 758 354 728 347 716 347 711 347 683 358 671 347 669 347 668 347 666 347 664 347 641 358 626 350 624 350 623 350 621 350 606 358 587 367 570 358 559 350 557 350 555 350 553 350 551 350 532 358 499 371 486 358 478 352 478 350 476 350 474 350 472 350 420 358 390 362 384 358 379 352 377 352 375 352 373 352 206 354 204 354 198 358 159 379 88 380 65 362 65 360 63 360 61 360 22 358 24 414 24 420 240 420 242 422 255 433 255 435 257 435 258 435 260 437 302 437 302 435 304 435 326 424 365 433 367 433 369 433 371 433 405 422 418 416 424 420 435 431 437 431 439 431 441 431 495 420 527 414 553 420 593 429 594 429 596 429 598 429 611 420 617 416 634 420 653 424 654 424 656 424 671 420 703 410 746 420 773 424 775 424 776 424 793 420 814 412 823 418 827 422 829 422 831 422 833 422 996 420 998 420 1000 420 1002 418 1015 410 1034 418 1039 420 1041 420 1043 420 1056 418 1090 410 1189 416 1191 412 1187 360 1064 362 1058 358 1037 349 1035 349 1034 349 1032 349 1013 358 1005 364 917 364 910 358 895 347 885 347"/></Shape>
	    <String CONTENT="17 le bassin, et sa base, + les rideaux du par¬"
                    HPOS="22"
                    VPOS="347"
                    WIDTH="1169"
                    HEIGHT="90"></String>
          </TextLine>

          
          
          <TextLine ID="r2l7"
                    TAGREFS="LT610"
                    BASELINE="181 468 230 468 280 468 329 467 379 467 428 466 478 466 527 466 577 465 626 465 676 464 725 464 775 464 824 464 874 465 923 465 973 466 1022 467 1072 468 1121 470 1194 475" 
                    HPOS="178"
                    VPOS="407"
                    WIDTH="1015"
                    HEIGHT="80">
            <Shape><Polygon POINTS="418 407 416 407 414 407 412 407 388 416 373 424 362 416 354 410 352 410 350 410 349 410 347 410 345 410 345 412 339 416 328 426 180 416 180 467 178 469 236 480 238 480 531 474 647 484 649 484 805 476 806 476 827 486 829 486 831 486 998 478 1020 487 1022 487 1024 487 1191 478 1193 474 1191 424 1161 416 1159 416 1157 416 1156 416 1148 422 1141 429 1129 422 1114 414 1112 414 1111 414 1049 422 1030 424 1007 422 938 412 936 412 934 412 932 412 932 414 923 422 915 429 897 420 882 414 880 414 801 410 799 410 797 410 773 420 756 427 681 429 669 420 669 418 668 418 666 418 664 418 634 418 448 427 433 418 420 407 418 407"/></Shape>
	    <String CONTENT="vis avec leurs colomnes et leurs bases; le voile"
                    HPOS="178"
                    VPOS="407"
                    WIDTH="1015"
                    HEIGHT="80"></String>
          </TextLine>

          
          
          <TextLine ID="r2l8"
                    TAGREFS="LT610"
                    BASELINE="31 533 240 529 289 528 338 528 387 528 436 527 485 527 534 527 583 526 632 526 682 526 731 526 780 526 829 527 878 527 927 528 976 529 1025 530 1074 531 1123 533 1193 541" 
                    HPOS="28"
                    VPOS="467"
                    WIDTH="1163"
                    HEIGHT="88">
            <Shape><Polygon POINTS="1039 467 1037 467 949 487 945 489 850 489 848 487 816 471 814 471 812 471 810 471 771 484 746 469 745 469 743 469 741 469 739 469 737 469 709 487 707 489 675 489 675 487 649 467 647 467 645 467 536 467 534 467 532 467 504 480 482 469 480 469 478 469 476 469 474 469 459 480 444 469 442 469 441 469 272 469 253 469 234 469 227 469 225 469 223 469 221 469 208 478 155 471 153 471 152 471 150 471 150 472 129 489 129 491 28 491 30 532 30 540 182 538 245 542 253 542 268 555 270 555 272 555 274 555 334 542 356 538 431 538 439 544 467 555 469 555 471 555 529 544 566 536 660 540 666 544 677 553 679 553 681 553 683 553 685 553 686 553 698 544 711 536 758 536 767 544 775 551 775 553 776 553 778 553 780 553 782 553 810 546 816 544 827 546 891 553 893 553 895 553 910 546 925 538 960 546 992 551 994 551 996 551 1017 546 1050 536 1086 546 1099 549 1101 549 1103 549 1191 546 1191 540 1174 486 1073 482 1041 467 1039 467"/></Shape>
	    <String CONTENT="18 à la porte du vestibule, + les pieus du taber¬"
                    HPOS="28"
                    VPOS="467"
                    WIDTH="1163"
                    HEIGHT="88"></String>
          </TextLine>

          
          
          <TextLine ID="r2l9"
                    TAGREFS="LT610"
                    BASELINE="17 601 240 597 288 597 335 597 383 597 431 596 478 596 526 595 573 594 621 594 669 593 716 593 764 592 811 592 859 592 907 593 954 594 1002 595 1049 597 1097 599 1161 603" 
                    HPOS="15"
                    VPOS="538"
                    WIDTH="1144"
                    HEIGHT="86">
            <Shape><Polygon POINTS="16 600 16 624 54 624 54 623 56 623 58 623 58 621 76 606 180 606 204 621 206 621 208 621 210 621 212 621 213 621 234 611 255 621 258 621 260 621 262 621 264 621 266 621 287 608 307 619 315 623 317 623 319 623 354 619 412 611 446 617 469 621 471 621 472 621 474 621 474 619 478 617 491 604 523 613 525 613 527 613 529 613 568 604 600 615 606 617 608 617 609 617 611 617 621 615 651 606 688 613 700 615 701 615 703 615 705 615 705 613 707 613 718 602 818 611 823 611 825 611 837 611 955 602 962 609 972 617 972 619 974 619 975 619 977 619 979 619 1019 609 1034 606 1050 608 1094 615 1096 615 1157 606 1159 602 1157 555 1088 538 1086 538 1084 538 1082 538 1020 557 1011 559 1007 557 977 538 975 538 974 538 897 538 895 538 893 538 891 538 891 540 872 557 868 559 820 559 816 557 788 538 786 538 784 538 743 538 741 538 739 538 737 538 715 557 711 559 701 557 679 549 677 549 675 549 673 549 656 557 643 563 581 563 572 557 555 546 553 546 551 546 549 546 548 546 517 557 504 561 491 557 448 540 446 540 367 540 365 540 364 540 362 540 339 557 332 563 322 557 298 544 296 544 294 544 292 544 249 557 228 563 217 557 204 547 202 547 200 547 198 547 197 547 195 547 195 549 187 557 180 564 82 564 75 557 60 544 60 542 58 542 56 542 54 542 52 542 15 553 16 600"/></Shape>
	    <String CONTENT="19 nacle, et du parvis avec leurs cordes, + les"
                    HPOS="15"
                    VPOS="538"
                    WIDTH="1144"
                    HEIGHT="86"></String>
          </TextLine>

          
          
          <TextLine ID="r2l10"
                    TAGREFS="LT610"
                    BASELINE="185 661 234 662 283 662 332 661 381 661 431 660 480 659 529 658 578 656 627 656 677 655 726 654 775 653 824 653 873 653 923 654 972 655 1021 657 1070 659 1119 662 1169 666" 
                    HPOS="182"
                    VPOS="602"
                    WIDTH="985"
                    HEIGHT="90">
            <Shape><Polygon POINTS="183 660 182 684 324 673 345 686 349 690 350 690 352 690 354 692 502 692 502 690 504 690 506 690 510 686 532 671 559 686 563 688 564 688 566 688 568 688 570 688 572 686 602 664 739 664 771 681 773 681 775 681 776 681 808 666 893 666 910 679 912 679 913 679 915 679 917 679 919 679 940 666 1002 666 1022 684 1028 690 1028 692 1030 692 1032 692 1034 692 1079 684 1133 677 1161 684 1167 664 1167 626 1116 606 1114 606 1112 606 1111 606 1109 606 1084 624 1060 604 1058 604 1056 604 1054 604 1052 604 1015 617 949 606 947 606 945 606 943 606 932 615 921 606 921 604 919 604 917 604 820 604 818 604 816 604 814 604 814 606 797 623 763 624 750 624 748 624 731 609 731 608 730 608 728 608 726 608 724 608 686 619 668 606 666 606 664 606 662 606 660 606 658 606 649 615 636 604 636 602 634 602 632 602 540 602 538 602 536 602 534 602 534 604 514 623 514 624 283 624 281 623 272 613 272 611 270 611 268 611 266 611 264 611 262 611 247 623 245 623 183 623 183 660"/></Shape>
	    <String CONTENT="vestemens, qui serviront aux usages du san¬"
                    HPOS="182"
                    VPOS="602"
                    WIDTH="985"
                    HEIGHT="90"></String>
          </TextLine>

          
          
          <TextLine ID="r2l11"
                    TAGREFS="LT610"
                    BASELINE="185 727 233 726 281 725 329 724 377 723 426 721 474 720 522 719 570 718 618 718 667 717 715 717 763 717 811 717 859 717 908 718 956 719 1004 721 1052 723 1100 725 1164 734" 
                    HPOS="182"
                    VPOS="662"
                    WIDTH="981"
                    HEIGHT="90">
            <Shape><Polygon POINTS="245 662 243 662 242 662 240 662 238 662 238 664 217 684 183 684 183 726 182 731 504 746 506 746 508 746 510 746 527 735 544 728 617 728 624 737 628 739 628 741 630 741 632 741 634 743 634 741 636 741 638 741 638 739 641 737 649 730 690 730 716 737 750 748 752 748 754 748 756 748 758 748 758 746 767 737 776 730 805 730 820 739 838 750 840 750 842 750 844 752 868 752 868 750 870 750 872 750 872 748 883 739 893 731 945 731 966 739 985 746 987 746 989 746 990 746 1017 741 1043 733 1056 741 1062 743 1064 743 1065 743 1080 741 1116 733 1127 741 1135 748 1137 748 1139 748 1141 748 1142 748 1161 741 1163 733 1163 696 1099 683 1097 683 1032 690 990 668 989 668 987 668 985 668 943 690 919 668 917 668 915 668 810 666 808 666 750 677 726 666 724 666 722 666 720 666 718 666 688 690 634 673 632 673 630 673 559 679 542 666 542 664 540 664 538 664 536 664 534 664 532 664 499 686 332 686 290 686 289 686 247 662 245 662"/></Shape>
	    <String CONTENT="ctüaire, les vestements du Pontife Aaron,"
                    HPOS="182"
                    VPOS="662"
                    WIDTH="981"
                    HEIGHT="90"></String>
          </TextLine>

          
          
          <TextLine ID="r2l12"
                    TAGREFS="LT610"
                    BASELINE="186 789 234 788 283 787 332 787 381 786 430 786 478 785 527 784 576 784 625 783 674 783 722 783 771 782 820 782 869 782 918 782 966 783 1015 783 1064 783 1113 784 1162 785" 
                    HPOS="183"
                    VPOS="731"
                    WIDTH="978"
                    HEIGHT="85">
            <Shape><Polygon POINTS="185 788 185 799 255 795 262 799 290 814 292 814 294 814 339 805 367 814 369 814 371 814 373 814 375 814 375 812 390 797 394 795 416 795 420 797 439 814 441 814 442 814 444 816 471 816 471 814 472 814 474 814 474 812 491 797 493 795 523 795 538 797 660 814 662 814 748 812 750 812 752 812 778 793 782 793 915 793 960 812 962 812 964 814 964 812 966 812 1011 793 1082 808 1084 808 1159 790 1161 784 1157 741 1041 748 1034 741 1022 733 1022 731 1020 731 1019 731 992 731 990 731 989 731 987 731 970 743 960 748 902 748 883 743 820 731 818 731 758 743 745 731 743 731 741 731 685 731 683 731 681 731 679 731 679 733 666 746 658 746 621 750 591 748 486 737 484 737 482 737 433 750 427 750 424 750 352 733 350 733 349 733 317 750 281 733 279 733 277 733 183 752 185 788"/></Shape>
	    <String CONTENT="et de ses enfans; afin qu’ils me servent"
                    HPOS="183"
                    VPOS="731"
                    WIDTH="978"
                    HEIGHT="85"></String>
          </TextLine>

          
          
          <TextLine ID="r2l13"
                    TAGREFS="LT610"
                    BASELINE="19 844 227 852 277 852 327 851 376 851 426 851 476 850 525 850 575 851 625 851 675 851 724 851 774 852 824 852 873 853 923 853 973 854 1022 854 1072 855 1146 854 1196 855" 
                    HPOS="16"
                    VPOS="791"
                    WIDTH="1179"
                    HEIGHT="98">
            <Shape><Polygon POINTS="18 842 16 852 146 852 157 855 191 872 193 872 195 872 266 863 290 874 292 874 294 876 386 876 386 874 388 874 416 863 495 878 497 880 591 880 591 878 593 878 594 878 613 863 613 861 617 863 641 870 643 870 645 870 647 870 666 863 671 861 791 861 842 863 844 865 868 882 870 882 872 882 874 882 876 882 915 868 959 882 960 882 962 882 964 882 966 882 981 872 998 885 998 887 1000 887 1002 887 1004 889 1062 889 1062 887 1064 887 1065 887 1096 870 1193 870 1195 853 1193 812 1139 805 1137 805 1135 805 1116 812 1105 818 1099 812 1092 805 1092 803 1090 803 1088 803 1086 803 1019 812 1009 812 1004 812 966 801 964 801 962 801 960 801 959 801 947 810 938 820 928 812 927 812 925 812 923 812 921 812 900 820 893 810 882 801 882 799 880 799 878 799 769 797 767 797 765 797 730 808 696 820 677 808 664 799 662 799 660 799 658 799 656 799 628 808 619 810 615 808 600 797 598 797 596 797 594 797 593 797 561 806 559 806 491 799 489 799 487 799 486 799 476 806 467 812 456 806 427 791 426 791 424 791 422 791 420 791 403 805 392 814 377 805 352 793 350 793 349 793 347 793 320 805 304 812 243 812 230 805 217 797 215 797 213 797 212 797 210 797 200 803 189 808 18 803 18 842"/></Shape>
	    <String CONTENT="20 dans la sacrificature. + Tous les Israëlites"
                    HPOS="16"
                    VPOS="791"
                    WIDTH="1179"
                    HEIGHT="98"></String>
          </TextLine>

          
          
          <TextLine ID="r2l14"
                    TAGREFS="LT610"
                    BASELINE="21 923 225 915 275 915 325 914 375 914 425 914 475 914 525 914 575 914 625 914 675 914 724 914 774 914 824 914 874 914 924 914 974 914 1024 914 1074 913 1124 913 1174 912" 
                    HPOS="18"
                    VPOS="855"
                    WIDTH="1154"
                    HEIGHT="96">
            <Shape><Polygon POINTS="1107 855 1099 855 1088 867 994 863 992 863 990 863 989 863 989 865 987 865 983 870 981 872 970 870 917 861 915 861 913 861 878 870 865 874 861 870 844 857 842 857 840 857 838 857 837 857 803 870 797 872 788 870 726 859 724 859 722 859 686 870 666 878 647 872 615 861 613 861 611 861 609 861 591 872 585 874 564 872 504 863 502 863 501 863 499 863 499 865 489 872 482 880 465 872 448 865 446 865 444 865 442 865 424 872 403 880 377 872 358 867 356 867 354 867 352 867 337 872 326 876 300 872 272 868 270 868 268 868 266 868 266 870 262 872 255 880 230 872 215 868 213 868 212 868 210 868 208 868 202 872 178 889 82 889 65 874 65 872 63 872 61 872 60 872 18 872 20 921 20 938 167 951 168 951 170 951 208 938 213 936 258 936 262 936 285 949 287 949 289 949 405 947 407 947 433 936 437 934 442 936 487 949 489 949 491 949 493 949 527 934 532 932 536 934 553 947 555 947 557 947 559 947 561 947 591 934 602 928 615 934 639 945 641 945 643 945 735 936 1034 938 1035 938 1037 938 1064 930 1090 923 1101 930 1103 932 1105 932 1107 932 1109 932 1172 928 1172 910 1171 870 1122 855 1107 855"/></Shape>
	    <String CONTENT="21 s’étant retirés de la presence de Moyse, + Vin¬"
                    HPOS="18"
                    VPOS="855"
                    WIDTH="1154"
                    HEIGHT="96"></String>
          </TextLine>

          
          
          <TextLine ID="r2l15"
                    TAGREFS="LT610"
                    BASELINE="180 974 229 974 278 974 327 975 376 975 426 976 475 976 524 977 573 977 622 978 672 978 721 978 770 979 819 979 868 979 918 979 967 979 1016 979 1065 978 1114 978 1186 981" 
                    HPOS="178"
                    VPOS="925"
                    WIDTH="1006"
                    HEIGHT="80">
            <Shape><Polygon POINTS="178 973 178 998 197 989 228 998 236 1000 238 1000 240 1000 255 998 279 992 285 998 289 1000 289 1002 290 1002 292 1002 294 1002 337 998 397 990 437 996 467 1002 469 1002 523 996 564 992 568 996 572 1002 574 1002 574 1004 576 1004 578 1004 579 1004 947 994 985 994 989 994 1049 1005 1050 1005 1182 992 1184 979 1182 938 1058 930 1056 930 1054 930 1035 938 1022 943 927 943 895 938 844 928 842 928 840 928 838 928 829 938 825 940 788 938 707 930 705 930 703 930 683 938 673 940 651 938 593 928 591 928 506 938 491 938 482 938 429 927 427 927 426 927 405 938 403 938 401 938 377 927 375 927 373 927 371 927 369 927 369 928 360 938 292 938 289 938 272 925 270 925 268 925 266 925 264 925 262 925 245 938 178 938 178 973"/></Shape>
	    <String CONTENT="rent presenter de bon cœur, et avec affecti¬"
                    HPOS="178"
                    VPOS="925"
                    WIDTH="1006"
                    HEIGHT="80"></String>
          </TextLine>

          
          
          <TextLine ID="r2l16"
                    TAGREFS="LT610"
                    BASELINE="186 1032 234 1033 283 1034 332 1035 381 1035 430 1036 479 1036 528 1037 577 1037 626 1037 675 1037 723 1037 772 1038 821 1038 870 1038 919 1038 968 1038 1017 1038 1066 1038 1115 1038 1164 1038" 
                    HPOS="183"
                    VPOS="985"
                    WIDTH="980"
                    HEIGHT="82">
            <Shape><Polygon POINTS="185 1030 183 1049 307 1047 320 1050 347 1062 349 1062 444 1064 446 1064 448 1064 450 1064 459 1054 487 1064 489 1064 491 1064 493 1064 519 1050 525 1049 527 1050 538 1062 538 1064 540 1064 542 1064 544 1064 546 1064 566 1056 668 1065 669 1067 758 1067 758 1065 760 1065 761 1065 780 1050 782 1050 788 1050 833 1064 835 1064 837 1064 838 1064 840 1064 855 1050 857 1050 861 1050 900 1065 902 1065 904 1065 974 1052 1007 1067 1009 1067 1011 1067 1013 1067 1015 1067 1041 1052 1161 1052 1163 1037 1161 1004 1073 990 1071 990 876 1000 853 989 852 989 850 989 773 1000 737 989 735 989 733 989 731 989 694 1000 692 1000 658 990 656 990 654 990 572 998 548 987 546 987 544 987 305 996 294 987 294 985 292 985 290 985 289 985 185 996 185 1030"/></Shape>
	    <String CONTENT="on leurs offrandes au Seigneur  pour faire"
                    HPOS="183"
                    VPOS="985"
                    WIDTH="980"
                    HEIGHT="82"></String>
          </TextLine>

          
          
          <TextLine ID="r2l17"
                    TAGREFS="LT610"
                    BASELINE="176 1092 224 1093 273 1095 321 1096 370 1098 418 1098 467 1099 515 1100 564 1101 612 1101 661 1102 710 1102 758 1102 807 1102 855 1102 904 1101 952 1101 1001 1100 1049 1100 1098 1099 1161 1101" 
                    HPOS="172"
                    VPOS="1043"
                    WIDTH="987"
                    HEIGHT="90">
            <Shape><Polygon POINTS="174 1090 172 1109 307 1109 319 1110 395 1127 397 1127 399 1127 435 1114 454 1127 456 1127 457 1127 776 1131 778 1131 780 1131 814 1114 853 1129 855 1129 857 1131 857 1129 859 1129 900 1114 951 1124 953 1124 955 1124 957 1124 968 1114 970 1114 1064 1133 1065 1133 1157 1114 1159 1099 1159 1067 1082 1067 1080 1065 1049 1052 1047 1052 1045 1052 989 1065 987 1065 985 1065 970 1052 970 1050 968 1050 966 1050 964 1050 895 1052 893 1052 891 1052 878 1064 818 1052 816 1052 814 1052 786 1064 782 1064 713 1064 713 1062 698 1050 698 1049 696 1049 694 1049 692 1049 690 1049 641 1062 615 1049 613 1049 611 1049 609 1049 563 1060 548 1047 546 1047 544 1047 542 1047 407 1060 399 1060 395 1060 326 1045 324 1045 322 1045 287 1058 260 1045 258 1045 257 1045 255 1045 253 1045 236 1058 206 1043 204 1043 202 1043 200 1043 174 1056 174 1090"/></Shape>
	    <String CONTENT="le tabernacle du temoignage, et tout ce qui"
                    HPOS="172"
                    VPOS="1043"
                    WIDTH="987"
                    HEIGHT="90"></String>
          </TextLine>

          
          
          <TextLine ID="r2l18"
                    TAGREFS="LT610"
                    BASELINE="186 1147 233 1149 281 1152 329 1154 377 1155 425 1156 472 1157 520 1158 568 1159 616 1159 664 1160 711 1160 759 1160 807 1160 855 1160 903 1160 950 1159 998 1159 1046 1159 1094 1159 1159 1161" 
                    HPOS="183"
                    VPOS="1103"
                    WIDTH="974"
                    HEIGHT="84">
            <Shape><Polygon POINTS="185 1146 183 1159 304 1159 307 1159 362 1180 364 1180 365 1180 465 1165 491 1182 493 1182 495 1182 615 1184 617 1184 724 1165 748 1174 750 1174 752 1174 818 1169 844 1186 846 1186 848 1186 850 1186 938 1169 959 1186 959 1187 960 1187 962 1187 964 1187 966 1187 1009 1169 1041 1182 1043 1182 1045 1182 1047 1182 1084 1171 1097 1182 1097 1184 1099 1184 1101 1184 1103 1184 1105 1184 1156 1169 1157 1159 1156 1122 482 1122 437 1107 435 1107 433 1107 431 1107 426 1107 345 1118 305 1105 304 1105 302 1105 300 1105 260 1114 185 1103 185 1146"/></Shape>
	    <String CONTENT="étoit necessaire pour son service, et pour les"
                    HPOS="183"
                    VPOS="1103"
                    WIDTH="974"
                    HEIGHT="84"></String>
          </TextLine>

          
          
          <TextLine ID="r2l19"
                    TAGREFS="LT610"
                    BASELINE="23 1213 240 1210 289 1212 337 1213 386 1214 435 1215 483 1216 532 1217 580 1217 629 1217 678 1218 726 1218 775 1218 823 1218 872 1219 921 1219 969 1219 1018 1220 1066 1220 1115 1221 1190 1225" 
                    HPOS="22"
                    VPOS="1169"
                    WIDTH="1167"
                    HEIGHT="73">
            <Shape><Polygon POINTS="22 1212 22 1223 215 1223 219 1225 230 1234 232 1234 234 1234 236 1234 238 1234 260 1225 264 1223 354 1223 360 1225 384 1240 386 1240 388 1240 390 1242 480 1242 480 1240 482 1240 512 1225 517 1223 523 1225 566 1240 568 1240 570 1242 647 1242 647 1240 649 1240 677 1225 683 1223 690 1225 739 1240 741 1240 743 1240 820 1225 837 1223 842 1225 868 1240 870 1240 872 1240 959 1227 968 1225 977 1227 1019 1234 1020 1234 1022 1234 1047 1227 1067 1240 1069 1240 1071 1240 1073 1242 1169 1242 1169 1240 1171 1240 1172 1240 1187 1227 1189 1223 1187 1182 975 1182 975 1180 964 1171 964 1169 962 1169 960 1169 959 1169 957 1169 928 1180 927 1180 925 1180 880 1169 878 1169 876 1169 806 1180 799 1182 701 1182 700 1180 685 1169 683 1169 681 1169 679 1169 634 1180 626 1180 489 1180 489 1178 474 1169 472 1169 471 1169 469 1169 467 1169 437 1178 429 1180 409 1178 315 1169 313 1169 311 1169 309 1169 298 1178 296 1178 287 1169 285 1169 283 1169 281 1169 204 1178 180 1182 80 1182 76 1178 67 1169 65 1169 63 1169 61 1169 22 1176 22 1212"/></Shape>
	    <String CONTENT="22 vestemens sacrés; + Tant les hommes que"
                    HPOS="22"
                    VPOS="1169"
                    WIDTH="1167"
                    HEIGHT="73"></String>
          </TextLine>

          
          
          <TextLine ID="r2l20"
                    TAGREFS="LT610"
                    BASELINE="194 1279 243 1280 292 1280 341 1280 390 1281 439 1281 488 1281 537 1282 586 1282 635 1282 684 1283 733 1283 782 1283 831 1284 880 1284 929 1284 978 1284 1027 1284 1076 1284 1125 1284 1189 1286" 
                    HPOS="191"
                    VPOS="1225"
                    WIDTH="996"
                    HEIGHT="81">
            <Shape><Polygon POINTS="193 1278 191 1294 487 1302 489 1302 491 1302 510 1294 519 1293 546 1294 598 1302 600 1302 669 1294 703 1293 733 1294 806 1304 808 1304 913 1294 932 1294 936 1294 962 1306 964 1306 966 1306 1186 1294 1187 1285 1186 1251 1131 1240 1129 1240 1092 1247 1084 1249 1079 1247 1047 1232 1045 1232 1043 1232 1041 1232 1039 1232 1039 1234 1026 1246 1022 1251 998 1251 985 1246 947 1231 945 1231 943 1231 942 1231 912 1244 904 1246 878 1242 822 1234 820 1234 818 1234 799 1240 775 1247 746 1238 716 1229 715 1229 671 1229 669 1229 668 1229 666 1229 656 1236 647 1246 491 1246 469 1231 467 1231 465 1231 463 1231 461 1231 459 1231 442 1246 339 1246 302 1227 300 1227 298 1227 193 1225 193 1278"/></Shape>
	    <String CONTENT="les femmes donnerent 5 des chainettes, des pen¬"
                    HPOS="191"
                    VPOS="1225"
                    WIDTH="996"
                    HEIGHT="81"></String>
          </TextLine>

          
          
          <TextLine ID="r2l21"
                    TAGREFS="LT610"
                    BASELINE="190 1345 238 1345 287 1345 335 1345 384 1345 432 1345 481 1345 529 1345 578 1345 626 1345 675 1345 723 1346 772 1346 820 1346 869 1346 917 1347 966 1347 1014 1348 1063 1349 1111 1349 1176 1354" 
                    HPOS="187"
                    VPOS="1289"
                    WIDTH="987"
                    HEIGHT="84">
            <Shape><Polygon POINTS="189 1343 187 1360 305 1351 365 1362 377 1364 379 1366 508 1366 508 1364 510 1364 512 1364 514 1362 525 1354 568 1362 600 1366 602 1366 604 1366 615 1362 634 1354 654 1362 675 1368 677 1368 679 1368 746 1360 791 1356 797 1360 803 1366 803 1368 805 1368 806 1368 808 1368 949 1360 990 1358 994 1360 1007 1371 1009 1371 1011 1371 1013 1373 1099 1373 1099 1371 1101 1371 1103 1371 1118 1360 1172 1360 1174 1353 1174 1315 1114 1298 1112 1298 1111 1298 1034 1315 1032 1315 1013 1298 1013 1296 1011 1296 1009 1296 1007 1296 1005 1296 1004 1296 977 1313 943 1296 942 1296 889 1296 887 1296 885 1296 848 1311 624 1311 604 1296 602 1296 600 1296 598 1296 596 1296 594 1296 579 1308 566 1298 564 1298 563 1298 561 1298 559 1298 514 1309 471 1291 469 1291 467 1291 465 1291 463 1291 463 1293 444 1309 397 1309 349 1289 347 1289 292 1289 290 1289 289 1289 287 1289 287 1291 270 1306 227 1294 225 1294 223 1294 221 1294 189 1306 189 1343"/></Shape>
	    <String CONTENT="dans d’oreille, des anneaux, et des brasselets."
                    HPOS="187"
                    VPOS="1289"
                    WIDTH="987"
                    HEIGHT="84"></String>
          </TextLine>

          
          
          <TextLine ID="r2l22"
                    TAGREFS="LT610"
                    BASELINE="193 1399 241 1400 289 1401 337 1402 385 1403 434 1404 482 1404 530 1405 578 1405 626 1406 675 1406 723 1406 771 1407 819 1407 867 1408 916 1408 964 1409 1012 1410 1060 1411 1108 1411 1157 1413" 
                    HPOS="189"
                    VPOS="1347"
                    WIDTH="967"
                    HEIGHT="90">
            <Shape><Polygon POINTS="191 1398 189 1409 213 1424 215 1424 217 1424 219 1424 317 1409 360 1428 362 1428 364 1430 422 1430 422 1428 424 1428 426 1428 444 1413 467 1430 469 1430 471 1430 472 1430 578 1413 579 1413 606 1424 608 1424 609 1424 686 1415 690 1415 692 1415 722 1426 724 1426 726 1426 728 1426 730 1426 743 1415 745 1415 746 1415 788 1433 790 1433 791 1435 848 1435 848 1433 850 1433 852 1433 870 1418 872 1416 962 1418 962 1420 979 1433 979 1435 981 1435 983 1435 1019 1437 1020 1437 1022 1437 1069 1422 1075 1420 1152 1422 1156 1411 1154 1366 1082 1362 1080 1362 1079 1362 1071 1364 1035 1375 959 1369 953 1362 947 1358 947 1356 945 1356 943 1356 882 1356 880 1356 878 1356 876 1356 870 1362 865 1368 855 1362 846 1354 844 1354 842 1354 840 1354 838 1354 837 1354 837 1356 831 1362 823 1369 748 1371 731 1360 724 1354 722 1354 720 1354 718 1354 654 1358 546 1368 504 1356 472 1349 471 1349 469 1349 467 1349 465 1349 452 1356 437 1366 313 1356 311 1356 266 1364 257 1354 249 1349 249 1347 247 1347 245 1347 243 1347 191 1353 191 1398"/></Shape>
	    <String CONTENT="6Tout ce qu’il y avoit de vases d’or fut mis"
                    HPOS="189"
                    VPOS="1347"
                    WIDTH="967"
                    HEIGHT="90"></String>
          </TextLine>

          
          
          <TextLine ID="r2l23"
                    TAGREFS="LT610"
                    BASELINE="34 1470 238 1473 286 1472 333 1472 381 1472 429 1472 476 1472 524 1472 571 1472 619 1472 667 1472 714 1472 762 1472 809 1472 857 1472 905 1473 952 1473 1000 1473 1047 1472 1095 1472 1143 1472" 
                    HPOS="31"
                    VPOS="1424"
                    WIDTH="1111"
                    HEIGHT="81">
            <Shape><Polygon POINTS="33 1469 31 1478 185 1478 193 1480 234 1499 236 1499 238 1499 240 1499 242 1499 253 1491 309 1501 311 1503 433 1503 433 1501 435 1501 437 1501 437 1499 457 1480 459 1480 484 1490 486 1490 487 1490 532 1480 540 1480 542 1480 568 1501 570 1501 572 1501 574 1503 716 1503 716 1501 718 1501 720 1501 745 1482 799 1499 801 1499 803 1499 805 1499 842 1484 897 1503 898 1503 900 1505 951 1505 951 1503 953 1503 955 1503 979 1482 1141 1482 1142 1471 1139 1428 1101 1439 1071 1428 1069 1428 1067 1428 934 1439 885 1428 883 1428 882 1428 880 1428 842 1439 801 1428 799 1428 797 1428 746 1439 735 1430 735 1428 733 1428 731 1428 730 1428 375 1437 362 1428 360 1428 358 1428 356 1428 294 1435 279 1424 277 1424 275 1424 274 1424 272 1424 270 1424 249 1435 213 1426 212 1426 210 1426 208 1426 206 1426 206 1428 197 1437 95 1437 33 1424 33 1469"/></Shape>
	    <String CONTENT="23 à part pour étre donné au Seigneur. +"
                    HPOS="31"
                    VPOS="1424"
                    WIDTH="1111"
                    HEIGHT="81"></String>
          </TextLine>

          
          
          <TextLine ID="r2l24"
                    TAGREFS="LT610"
                    BASELINE="193 1541 240 1540 288 1539 336 1539 384 1538 432 1538 479 1538 527 1537 575 1537 623 1537 671 1537 718 1537 766 1537 814 1537 862 1537 910 1538 957 1539 1005 1540 1053 1541 1101 1542 1149 1544" 
                    HPOS="189"
                    VPOS="1491"
                    WIDTH="959"
                    HEIGHT="76">
            <Shape><Polygon POINTS="191 1540 189 1552 223 1563 225 1563 227 1563 228 1563 230 1563 243 1552 245 1552 292 1552 296 1553 326 1565 328 1565 330 1565 519 1563 521 1563 523 1563 538 1553 540 1552 544 1553 555 1563 557 1563 559 1563 561 1565 561 1563 563 1563 564 1563 576 1553 581 1552 660 1552 664 1553 673 1563 673 1565 675 1565 677 1565 679 1565 681 1565 709 1553 716 1552 726 1555 750 1565 752 1565 754 1565 756 1565 782 1555 790 1552 799 1555 822 1565 823 1565 825 1567 867 1567 867 1565 868 1565 870 1565 883 1555 889 1552 957 1552 962 1555 974 1565 975 1565 977 1565 979 1565 981 1565 1011 1555 1019 1553 1028 1555 1056 1565 1058 1565 1060 1565 1146 1555 1148 1542 1146 1495 191 1491 191 1540"/></Shape>
	    <String CONTENT="Tous ceux qui avoient de l’hyacinte, de la"
                    HPOS="189"
                    VPOS="1491"
                    WIDTH="959"
                    HEIGHT="76"></String>
          </TextLine>

          
          
          <TextLine ID="r2l25"
                    TAGREFS="LT610"
                    BASELINE="201 1608 248 1607 296 1606 343 1605 391 1605 438 1604 486 1603 533 1603 581 1602 628 1602 676 1602 723 1602 771 1602 818 1602 866 1603 913 1603 961 1604 1008 1605 1056 1607 1103 1609 1169 1612" 
                    HPOS="198"
                    VPOS="1552"
                    WIDTH="969"
                    HEIGHT="69">
            <Shape><Polygon POINTS="200 1606 198 1621 1165 1619 1167 1610 1167 1567 1052 1553 1050 1553 1049 1553 1011 1565 998 1555 996 1555 994 1555 992 1555 838 1565 820 1565 814 1565 756 1552 754 1552 200 1561 200 1606"/></Shape>
	    <String CONTENT="pourpre, de l’écarlate teinte deux fois, du"
                    HPOS="198"
                    VPOS="1552"
                    WIDTH="969"
                    HEIGHT="69"></String>
          </TextLine>

          
          
          <TextLine ID="r2l26"
                    TAGREFS="LT610"
                    BASELINE="190 1669 237 1669 285 1670 332 1670 380 1669 428 1669 475 1668 523 1668 570 1667 618 1667 666 1666 713 1665 761 1665 808 1664 856 1664 904 1664 951 1664 999 1664 1046 1665 1094 1666 1163 1669" 
                    HPOS="187"
                    VPOS="1613"
                    WIDTH="974"
                    HEIGHT="77">
            <Shape><Polygon POINTS="189 1668 187 1687 260 1679 330 1689 341 1689 343 1689 379 1687 521 1679 572 1685 604 1689 606 1689 608 1689 619 1685 634 1679 649 1685 664 1689 666 1689 668 1690 750 1690 750 1689 752 1689 754 1689 754 1687 760 1683 763 1679 778 1683 806 1689 808 1689 810 1689 833 1681 844 1679 850 1681 865 1689 867 1689 868 1690 1062 1690 1062 1689 1159 1677 1161 1668 1159 1627 1112 1615 1111 1615 1109 1615 1107 1615 1090 1627 904 1627 883 1613 882 1613 880 1613 878 1613 795 1623 668 1613 666 1613 664 1613 662 1613 643 1627 576 1627 529 1613 527 1613 525 1613 435 1625 394 1613 392 1613 390 1613 245 1625 228 1613 227 1613 225 1613 223 1613 221 1613 189 1625 189 1668"/></Shape>
	    <String CONTENT="fin lin, des poils de chevres, des peaux de"
                    HPOS="187"
                    VPOS="1613"
                    WIDTH="974"
                    HEIGHT="77"></String>
          </TextLine>

          
          
          <TextLine ID="r2l27"
                    TAGREFS="LT610"
                    BASELINE="199 1731 245 1732 292 1732 338 1732 385 1732 432 1732 478 1732 525 1732 572 1732 618 1731 665 1731 712 1730 758 1730 805 1729 852 1728 898 1728 945 1727 992 1727 1038 1726 1085 1725 1146 1727" 
                    HPOS="197"
                    VPOS="1673"
                    WIDTH="947"
                    HEIGHT="79">
            <Shape><Polygon POINTS="198 1730 198 1743 264 1752 266 1752 365 1743 403 1739 433 1741 521 1752 523 1752 525 1752 527 1752 538 1743 548 1752 549 1752 551 1752 553 1752 608 1741 615 1739 617 1741 628 1750 630 1750 632 1750 634 1750 636 1750 638 1750 649 1743 696 1752 698 1752 700 1752 701 1752 720 1739 722 1739 748 1752 750 1752 752 1752 754 1752 793 1739 799 1737 803 1739 827 1750 829 1750 831 1750 904 1737 915 1737 1034 1737 1035 1737 1047 1747 1049 1747 1050 1747 1052 1747 1142 1735 1144 1726 1141 1677 925 1685 893 1679 861 1673 859 1673 857 1673 842 1679 829 1685 810 1681 784 1673 782 1673 780 1673 700 1681 645 1687 538 1683 298 1675 296 1675 294 1675 292 1675 292 1677 281 1687 281 1689 197 1689 198 1730"/></Shape>
	    <String CONTENT="mouton teintes en rouge, des peaux teintes"
                    HPOS="197"
                    VPOS="1673"
                    WIDTH="947"
                    HEIGHT="79"></String>
          </TextLine>

          
          
          <TextLine ID="r2l28"
                    TAGREFS="LT610"
                    BASELINE="37 1792 258 1789 306 1789 355 1789 403 1790 451 1790 500 1790 548 1790 596 1790 645 1790 693 1789 742 1789 790 1789 838 1788 887 1788 935 1788 983 1788 1032 1787 1080 1787 1129 1787" 
                    HPOS="33"
                    VPOS="1735"
                    WIDTH="1094"
                    HEIGHT="79">
            <Shape><Polygon POINTS="35 1790 35 1807 200 1803 223 1805 277 1814 279 1814 345 1805 358 1803 367 1805 407 1814 409 1814 411 1814 501 1803 506 1803 514 1803 692 1814 694 1814 844 1812 846 1812 876 1799 917 1812 919 1812 921 1812 923 1812 949 1799 998 1799 1037 1812 1039 1812 1041 1812 1043 1812 1045 1812 1045 1810 1058 1797 1126 1797 1127 1786 1124 1737 1041 1750 1013 1737 1009 1735 1007 1735 1005 1735 1004 1735 998 1737 966 1752 910 1752 891 1737 889 1735 887 1735 885 1735 883 1735 882 1735 872 1737 831 1750 795 1739 784 1735 782 1735 780 1735 778 1735 776 1735 773 1739 756 1750 733 1739 726 1735 724 1735 722 1735 720 1735 718 1735 715 1739 696 1752 641 1741 639 1741 638 1741 636 1741 624 1749 615 1739 613 1739 613 1737 611 1737 609 1737 608 1737 574 1741 491 1749 478 1741 474 1737 472 1737 471 1737 469 1737 467 1737 456 1741 426 1752 399 1741 394 1739 392 1739 390 1739 345 1741 172 1754 33 1745 35 1790"/></Shape>
	    <String CONTENT="24 en violet, + de l’argent, de l’airain, les"
                    HPOS="33"
                    VPOS="1735"
                    WIDTH="1094"
                    HEIGHT="79"></String>
          </TextLine>

          
          
          <TextLine ID="r2l29"
                    TAGREFS="LT610"
                    BASELINE="195 1846 244 1848 293 1849 343 1851 392 1851 442 1852 491 1852 540 1852 590 1852 639 1852 689 1851 738 1851 788 1850 837 1850 886 1849 936 1849 985 1848 1035 1848 1084 1848 1134 1848" 
                    HPOS="191"
                    VPOS="1797"
                    WIDTH="942"
                    HEIGHT="68">
            <Shape><Polygon POINTS="193 1844 191 1856 1129 1865 1133 1846 1131 1809 1082 1797 1080 1797 1026 1807 987 1797 985 1797 983 1797 981 1797 979 1797 966 1807 942 1797 940 1797 938 1797 863 1807 859 1807 855 1807 722 1797 720 1797 718 1797 685 1807 683 1807 675 1807 568 1797 566 1797 508 1807 502 1807 499 1807 461 1797 459 1797 457 1797 193 1805 193 1844"/></Shape>
	    <String CONTENT="offrirent au Seigneur avec des bois de Setim"
                    HPOS="191"
                    VPOS="1797"
                    WIDTH="942"
                    HEIGHT="68"></String>
          </TextLine>

          
        </TextBlock>
        
        <TextBlock HPOS="149"
                   VPOS="1884"
                   WIDTH="1041"
                   HEIGHT="341"
                   ID="eSc_textblock_d1988a53"
                   TAGREFS="BT1585">
          <Shape><Polygon POINTS="149 1884 149 2225 1190 2225 1190 1884"/></Shape>
          
          
          <TextLine ID="r2l30"
                    TAGREFS="LT610"
                    BASELINE="206 1920 253 1920 301 1920 348 1920 396 1920 444 1920 491 1921 539 1921 587 1921 634 1922 682 1923 730 1924 777 1925 825 1925 873 1927 920 1928 968 1929 1016 1931 1063 1932 1111 1934 1185 1940" 
                    HPOS="202"
                    VPOS="1880"
                    WIDTH="982"
                    HEIGHT="67">
            <Shape><Polygon POINTS="204 1919 202 1929 1180 1947 1184 1938 1184 1901 1099 1886 1097 1886 1028 1897 1022 1897 1019 1897 987 1884 985 1884 983 1884 981 1884 940 1895 938 1895 925 1884 925 1882 923 1882 921 1882 919 1882 846 1893 838 1893 835 1893 797 1880 795 1880 204 1880 204 1919"/></Shape>
	    <String CONTENT="V. XXII 5 Ce sont appareḿent de ces petites chainet¬"
                    HPOS="202"
                    VPOS="1880"
                    WIDTH="982"
                    HEIGHT="67"></String>
          </TextLine>

          
          
          <TextLine ID="r2l31"
                    TAGREFS="LT610"
                    BASELINE="166 1969 213 1969 261 1969 309 1969 357 1969 404 1969 452 1969 500 1970 548 1970 595 1971 643 1971 691 1972 739 1973 786 1974 834 1975 882 1976 930 1977 977 1979 1025 1981 1073 1983 1151 1983" 
                    HPOS="163"
                    VPOS="1919"
                    WIDTH="987"
                    HEIGHT="77">
            <Shape><Polygon POINTS="953 1929 934 1929 915 1927 897 1927 893 1927 840 1934 822 1936 818 1932 806 1925 803 1925 784 1925 765 1925 715 1931 713 1931 701 1923 690 1923 681 1923 673 1929 604 1921 602 1921 600 1921 598 1921 587 1929 585 1929 579 1921 578 1921 559 1921 540 1921 521 1921 504 1921 482 1925 444 1932 431 1925 426 1921 409 1921 401 1921 399 1923 395 1925 380 1923 364 1921 352 1921 334 1921 322 1921 307 1931 165 1919 165 1968 163 1981 508 1987 510 1987 512 1987 523 1983 538 1978 685 1983 915 1993 917 1993 919 1993 942 1983 945 1983 949 1983 1007 1996 1009 1996 1148 1983 1150 1981 1148 1942 960 1929 953 1929"/></Shape>
	    <String CONTENT="tes, que les femmes du Levant mettent à leurs"
                    HPOS="163"
                    VPOS="1919"
                    WIDTH="987"
                    HEIGHT="77"></String>
          </TextLine>

          
          
          <TextLine ID="r2l32"
                    TAGREFS="LT610"
                    BASELINE="162 2021 209 2021 256 2021 304 2021 351 2021 399 2021 446 2022 494 2022 541 2023 589 2024 636 2025 683 2025 731 2026 778 2027 826 2028 873 2029 921 2030 968 2031 1016 2032 1063 2033 1111 2034" 
                    HPOS="159"
                    VPOS="1970"
                    WIDTH="950"
                    HEIGHT="84">
            <Shape><Polygon POINTS="1062 1981 1060 1981 1050 1989 1045 1994 977 1994 972 1989 964 1981 964 1979 962 1979 960 1979 897 1979 895 1979 893 1979 891 1979 880 1989 872 1994 837 1994 812 1987 769 1978 767 1978 765 1978 763 1978 750 1987 745 1991 716 1987 679 1981 677 1981 645 1987 630 1989 626 1987 617 1978 617 1976 615 1976 613 1976 611 1976 609 1976 581 1985 563 1974 561 1974 559 1974 557 1974 345 1983 302 1985 298 1983 272 1970 270 1970 268 1970 266 1970 264 1970 249 1983 247 1983 161 1983 161 2019 159 2041 287 2028 328 2028 339 2039 339 2041 341 2041 343 2041 345 2041 347 2041 349 2041 360 2032 439 2032 452 2041 454 2041 456 2041 457 2041 459 2041 472 2034 491 2047 493 2047 495 2047 497 2047 501 2047 555 2034 669 2049 698 2051 700 2051 718 2049 790 2038 829 2038 844 2049 848 2053 850 2053 852 2053 853 2053 855 2053 865 2049 893 2039 990 2043 996 2051 1000 2053 1000 2054 1002 2054 1004 2054 1005 2054 1030 2051 1071 2043 1103 2051 1109 2032 1109 1991 1067 1981 1062 1981"/></Shape>
	    <String CONTENT="jambes. On n’a cependant que des conjectures sur"
                    HPOS="159"
                    VPOS="1970"
                    WIDTH="950"
                    HEIGHT="84"></String>
          </TextLine>

          
          
          <TextLine ID="r2l33"
                    TAGREFS="LT610"
                    BASELINE="172 2070 199 2069 226 2067 253 2067 280 2067 307 2067 334 2067 361 2067 388 2067 415 2066 474 2071" 
                    HPOS="168"
                    VPOS="2026"
                    WIDTH="304"
                    HEIGHT="53">
            <Shape><Polygon POINTS="170 2069 168 2079 471 2075 472 2069 471 2034 170 2026 170 2069"/></Shape>
	    <String CONTENT="tous ces mots."
                    HPOS="168"
                    VPOS="2026"
                    WIDTH="304"
                    HEIGHT="53"></String>
          </TextLine>

          
          
          <TextLine ID="r2l35"
                    TAGREFS="LT610"
                    BASELINE="295 2114 375 2114 415 2114 454 2114 494 2114 534 2114 573 2114 613 2114 652 2114 692 2114 732 2114 771 2114 811 2114 850 2114 890 2114 930 2114 969 2113 1009 2113 1048 2113 1088 2113 1149 2113" 
                    HPOS="292"
                    VPOS="2058"
                    WIDTH="856"
                    HEIGHT="75">
            <Shape><Polygon POINTS="461 2069 457 2068 416 2081 367 2066 367 2068 349 2068 330 2068 311 2068 292 2068 294 2113 294 2122 690 2133 692 2133 694 2133 696 2133 711 2122 716 2120 741 2122 861 2133 863 2133 865 2133 867 2133 883 2122 885 2122 934 2130 936 2130 938 2130 959 2122 964 2120 972 2122 1020 2133 1022 2133 1146 2120 1148 2111 1144 2079 1103 2081 1097 2077 1080 2062 1079 2062 1077 2062 1075 2062 1073 2062 1043 2077 1034 2081 1007 2075 983 2071 981 2071 921 2075 818 2081 806 2073 790 2058 788 2058 786 2058 705 2058 703 2058 701 2058 700 2058 700 2060 692 2066 685 2058 683 2058 681 2058 679 2058 677 2058 653 2071 641 2075 583 2069 559 2068 557 2068 555 2068 553 2068 553 2069 538 2081 521 2068 508 2058 506 2058 504 2058 502 2058 501 2058 465 2068 461 2068 461 2069"/></Shape>
	    <String CONTENT="6 Le mot de tout se prend ici pour la plus"
                    HPOS="292"
                    VPOS="2058"
                    WIDTH="856"
                    HEIGHT="75"></String>
          </TextLine>

          
          
          <TextLine ID="r2l36"
                    TAGREFS="LT610"
                    BASELINE="174 2149 223 2151 272 2152 321 2154 371 2155 420 2156 469 2156 518 2156 568 2156 617 2156 666 2156 715 2156 765 2156 814 2156 863 2157 912 2157 962 2157 1011 2158 1060 2159 1109 2160 1159 2162" 
                    HPOS="170"
                    VPOS="2103"
                    WIDTH="987"
                    HEIGHT="96">
            <Shape><Polygon POINTS="989 2113 987 2113 979 2113 960 2113 942 2113 932 2113 932 2115 915 2128 902 2115 900 2115 885 2115 867 2115 861 2115 848 2126 837 2116 837 2115 835 2115 833 2115 829 2115 810 2115 791 2115 788 2115 786 2116 776 2124 739 2116 730 2115 716 2115 698 2115 690 2115 688 2116 671 2128 600 2128 429 2124 424 2118 420 2115 416 2115 397 2115 382 2115 354 2118 322 2122 315 2118 307 2115 304 2115 302 2111 285 2103 283 2103 281 2103 279 2103 277 2103 260 2118 172 2118 172 2148 170 2195 409 2199 411 2199 412 2199 435 2191 489 2171 643 2173 645 2173 701 2161 745 2178 746 2178 748 2178 810 2165 833 2182 835 2182 837 2182 838 2182 840 2182 842 2182 870 2165 897 2176 898 2176 900 2176 1000 2167 1020 2180 1022 2182 1024 2182 1026 2182 1028 2182 1030 2182 1039 2180 1077 2167 1154 2176 1157 2161 1156 2115 1030 2115 1028 2115 1026 2115 1024 2115 1009 2128 992 2115 990 2113 989 2113"/></Shape>
	    <String CONTENT="grande partie, comme en beaucoup d’endroits de"
                    HPOS="170"
                    VPOS="2103"
                    WIDTH="987"
                    HEIGHT="96"></String>
          </TextLine>

          
          
          <TextLine ID="r2l37"
                    TAGREFS="LT610"
                    BASELINE="170 2196 195 2196 221 2195 247 2195 272 2195 298 2195 324 2196 349 2197 375 2198 401 2199 441 2202" 
                    HPOS="167"
                    VPOS="2148"
                    WIDTH="272"
                    HEIGHT="64">
            <Shape><Polygon POINTS="187 2150 185 2148 168 2148 168 2195 167 2212 437 2210 439 2201 439 2171 191 2150 187 2150"/></Shape>
	    <String CONTENT="l’Ecriture."
                    HPOS="167"
                    VPOS="2148"
                    WIDTH="272"
                    HEIGHT="64"></String>
          </TextLine>

          
        </TextBlock>
        

        
      </PrintSpace>
    </Page>
  </Layout>
</alto>
