1202 2233
184 46 930 67 d'ajouter: Jacob vôtre serviteur vient aussi

190 81 935 90 lui même aprés nous. Car il disoit: Je l'ap¬

186 141 954 89 paiserai avec les presens, qui vont devant, et

18 254 1146 79 21 + Les presens marchérent donc devant Jacob

193 199 953 78 le voyant ensuite, peut être me recevrât-il bien.

16 310 1143 88 22 qui passa la nuit 4 dans le Camp. + Et s'étant

188 366 913 80 levé de bon matin, il prit ses deux femmes

184 424 945 78 avec leurs deux servantes, et ses onze fils,

29 481 1118 79 23 et passa le gué de Jaboc: + aprés avoir fait

29 539 1096 76 24 passer tout ce qu'il avoit. + Il demeura seul,

190 593 935 80 et il parut 5 un homme, qui luttoit contre lui

26 647 1101 89 25 jusqu'au matin, + lequel voyant, qu’il ne le

190 707 948 85 pouvoit vaincre, lui toucha 6 le nerf de la cuisse,

35 766 1099 88 26 qui secha aussitôt. + Cet homme lui dit: lais¬

31 824 1109 89 27 sés moi aller car l'aurore paroit deja. + Ja¬

182 889 938 73 cob répondit; je ne vous laisserai point aller,

33 943 1103 82 28 que vous ne m'ayés beni. + et l'homme lui de¬

175 999 972 85 manda, quel étoit son nom ? Il répondit: Jacob;

31 1060 1131 80 29 + on ne vous appellera plus Jacob, dit cet hom¬

173 1112 980 88 me, mais 7 Israël: car si vous avés été fort con¬

175 1164 963 84 tre Dieu, vous le serés bien davantage contre les

35 1226 1096 82 30 hommes. + Jacob lui demanda; quel est vôtre

182 1283 928 75 nom. Il lui répondit: pourquoi demandés

182 1343 939 67 vous mon nom, et il le benit en ce même

173 1399 570 93 V. XXI 2 Ce avé son monde.

182 1475 986 84 V. XXIV 5 La suite fait voir que cet homme étoit Dieu,

141 1520 803 80 ou plutôt un ange, qui representoit Dieu.

163 1568 988 91 VXXV 2 Les Sept. ont traduit la largeur de la cuisse sça¬

143 1617 969 74 voir vers la hanche il y a dela même maniere dans

134 1658 974 83 la paraphr. Chald. et selon ce même sens dans la

137 1706 1014 97 version Espagnole des Juifs de Ferrare, palma de su an¬

145 1752 997 99 ca, le muscle, ou le nerf de sa hanche. Un traducteur

149 1818 1013 104 francois à mis le paleron de sa hanche ou de sa cuisse

147 1866 961 93 comme le mot de Caph, qui est dans l’Ebreu signifie

152 1911 990 91 quelque chose, qui a de la concavité. Il y en a qui tradui¬

152 1953 984 101 sent la jointure de la cuisse; d’autres son genoüil,

147 2009 993 88 mais il est mieux de s'en tenir à la vulgate dans tout

150 2054 973 93 ce discours, parce qu'elle exprime tres bien le sens, sans

124 2095 859 91 s’arreter trop à l’interpretation grammaticale.

180 2138 582 91 V. XXVIII 7 C. qui surmonte Dieu.
