1138 2068
162 34 934 64 est semblable à vous ô peuple, qui étes sauvé

150 72 953 83 par le seigneur: Il est le bouclier, 28 qui vous

163 130 940 92 met à couvert, et l'épee qui fait vôtre gloi¬

158 193 931 81 re: vos ennemis vous contrediront, mais vous

150 249 765 76 soulerés leurs têtes sous vos pieds.

125 329 959 77 ce qui marque une grande abondance de rosée. Il y a

131 384 941 84 néanmoins simplement dans l'Ebreu distilleront de la

125 430 112 76 rosée.

163 448 643 91 V. XXIX 48 Lett. de vôtre secours.

317 550 607 147 Chapitre XXXIV.

56 680 1033 93 1 Moyse donc monta des plaines de Moab

168 758 892 91 sur la montagne de Nebo au sommet de

158 830 897 79 Phasga, qui est vis à vis de Jericho, et le

156 884 906 91 Seigneur lui fit voir tout le pais de Galaad

25 949 1038 88 2 jusques à Dan, + 2 tout Nephtali, les pais

163 1008 893 86 d'Ephraim, et de Manassé, et tout le pais

32 1078 1040 76 3 de Juda jusqu'à 3 la derniere mer, + le côté

168 1137 919 96 du midi, la vaste campagne de Jericho ville

17 1209 1058 81 4 des palmes jusqu'à Segor. + Et le seigneur

167 1268 877 95 lui dit: Voilà le pais, que j'ai promis avec

155 1332 893 89 serment à Abraham, à Isaac, et à Jacob

163 1401 921 86 en leur disant: Je le donnerai à vos descen¬

167 1464 886 78 dans. Vous l'avés vû de vos yeux, et

20 1521 1045 93 5 vous n'y entrerés point. + Moyse serviteur

162 1592 896 84 du Seigneur mourut en ce lieu là dans la

162 1654 913 71 terre de Moab, selon que le Seigneur l'avoit

150 1719 925 97 V. I 1 C'étoit une grande plaine, où les Israëlites étoient àlors

125 1766 149 57 campés.

156 1802 909 95 V. II 2 C. Toute la terre, qui devoit échoir à Nephtali;

125 1857 361 55 et ainsi des autres.

224 1888 851 92 3. C. La mer mediterranée, qui étoit à l'Occident

124 1947 510 84 au regard de la terre sainte.
