<?xml version="1.0" encoding="UTF-8"?>
<alto xmlns:xsi="http://www.w3.org/2001/XMLSchema-instance"
      xmlns="http://www.loc.gov/standards/alto/ns-v4#"
      xsi:schemaLocation="http://www.loc.gov/standards/alto/ns-v4# http://www.loc.gov/standards/alto/v4/alto-4-2.xsd">
  <Description>
    <MeasurementUnit>pixel</MeasurementUnit>
    <sourceImageInformation>
      <fileName>0009_Blatt 205_1.jpg</fileName>
      
    </sourceImageInformation>
  </Description>
  
  <Tags>
    <OtherTag ID="BT1592" LABEL="MainZone" DESCRIPTION="block type MainZone"/><OtherTag ID="BT1589" LABEL="RunningTitle" DESCRIPTION="block type RunningTitle"/><OtherTag ID="BT1590" LABEL="MarginTextZone:apparatus" DESCRIPTION="block type MarginTextZone:apparatus"/><OtherTag ID="BT1591" LABEL="NumberingZone" DESCRIPTION="block type NumberingZone"/><OtherTag ID="BT1593" LABEL="QuireMarksZone" DESCRIPTION="block type QuireMarksZone"/>
    <OtherTag ID="LT613" LABEL="DefaultLine" DESCRIPTION="line type DefaultLine"/><OtherTag ID="LT614" LABEL="HeadingLine" DESCRIPTION="line type HeadingLine"/>
  </Tags>
  
  <Layout>
    <Page WIDTH="1179"
          HEIGHT="2055"
          PHYSICAL_IMG_NR="8"
          ID="eSc_dummypage_">
      <PrintSpace HPOS="0"
                  VPOS="0"
                  WIDTH="1179"
                  HEIGHT="2055">
        
        <TextBlock HPOS="21"
                   VPOS="33"
                   WIDTH="1134"
                   HEIGHT="1739"
                   ID="eSc_textblock_330e5ed5"
                   TAGREFS="BT1592">
          <Shape><Polygon POINTS="21 33 21 1772 1155 1746 1155 33"/></Shape>
          
          
          <TextLine ID="r4l1"
                    TAGREFS="LT613"
                    BASELINE="37 98 262 83 307 82 351 80 396 79 440 78 485 76 529 75 574 74 618 72 663 71 708 70 752 70 797 69 841 69 886 69 930 69 975 69 1019 70 1064 72 1109 73" 
                    HPOS="32"
                    VPOS="41"
                    WIDTH="1076"
                    HEIGHT="68">
            <Shape><Polygon POINTS="1009 41 992 41 975 41 957 41 940 41 923 41 906 41 889 41 872 41 855 41 837 41 820 41 803 41 786 41 769 42 752 42 735 42 718 42 700 42 683 42 666 42 649 42 632 42 615 42 608 42 601 44 596 46 594 46 589 42 580 42 563 42 546 42 529 42 512 42 495 42 478 42 460 42 454 42 412 49 226 47 224 47 222 47 221 47 221 49 210 56 205 61 186 58 149 51 147 51 145 51 143 51 143 53 137 59 131 66 94 70 82 61 75 54 73 54 71 54 70 54 32 61 35 97 35 106 212 101 241 102 303 109 305 109 306 109 308 109 308 107 315 101 322 94 389 94 399 99 404 102 406 102 407 102 409 102 411 102 412 102 416 99 426 90 438 97 447 102 448 102 450 102 452 102 454 102 454 101 457 97 466 89 495 97 510 101 512 101 514 101 539 95 572 89 587 94 610 102 611 102 613 102 615 102 647 92 668 87 675 92 683 99 685 99 687 99 688 99 723 97 724 97 726 97 726 95 733 90 740 83 776 89 805 94 807 94 832 89 858 82 868 87 875 90 877 90 879 90 880 90 882 90 882 89 884 89 885 87 891 80 1105 80 1108 71 1016 41 1009 41"/></Shape>
	    <String CONTENT="11 re, + mais celui que le sacrificateur aura"
                    HPOS="32"
                    VPOS="41"
                    WIDTH="1076"
                    HEIGHT="68"></String>
          </TextLine>

          
          
          <TextLine ID="r4l2"
                    TAGREFS="LT613"
                    BASELINE="216 156 259 154 302 153 345 151 388 150 432 148 475 147 518 146 561 144 604 143 648 142 691 141 734 139 777 139 820 138 864 137 907 136 950 136 993 136 1036 136 1080 136" 
                    HPOS="212"
                    VPOS="75"
                    WIDTH="867"
                    HEIGHT="101">
            <Shape><Polygon POINTS="215 155 215 167 284 174 286 174 342 166 354 174 356 174 358 174 359 174 361 174 363 174 378 164 382 162 385 164 409 176 411 176 412 176 414 176 438 167 502 174 503 174 505 174 507 174 527 160 531 159 556 160 592 162 594 162 596 162 598 162 598 160 601 159 606 154 664 157 714 160 716 160 772 155 834 148 841 154 846 159 848 159 849 159 851 159 853 159 867 152 880 147 896 152 932 164 933 164 935 164 1079 147 1079 135 1077 89 1012 75 1011 75 916 90 908 92 904 90 896 83 894 83 892 83 891 83 801 92 788 94 781 94 726 82 724 82 668 95 659 97 652 95 628 87 627 87 625 87 560 97 536 101 529 97 505 87 503 87 502 87 500 87 474 99 469 101 464 99 438 89 436 89 435 89 433 89 407 101 400 102 387 101 339 92 337 92 335 92 313 102 310 102 303 102 253 94 251 94 250 94 248 94 236 102 231 107 212 104 215 155"/></Shape>
	    <String CONTENT="acheté, et l&#39;esclave né dans la maison"
                    HPOS="212"
                    VPOS="75"
                    WIDTH="867"
                    HEIGHT="101"></String>
          </TextLine>

          
          
          <TextLine ID="r4l3"
                    TAGREFS="LT613"
                    BASELINE="37 230 260 222 305 219 350 218 395 216 440 215 485 213 530 212 575 211 620 210 665 209 709 208 754 208 799 207 844 206 889 206 934 205 979 205 1024 205 1069 204 1114 204" 
                    HPOS="34"
                    VPOS="143"
                    WIDTH="1079"
                    HEIGHT="98">
            <Shape><Polygon POINTS="35 229 35 238 277 227 293 234 298 238 299 238 301 238 318 234 341 229 351 234 368 241 370 241 371 241 373 241 406 232 433 226 508 231 526 231 527 231 529 231 531 231 548 217 656 215 704 226 719 229 721 229 748 226 805 217 1112 217 1113 203 1110 164 1064 164 1024 143 1023 143 1021 143 1019 143 976 167 975 169 933 169 932 169 904 147 903 147 901 147 899 147 897 147 844 166 810 152 808 152 807 152 805 152 772 164 707 152 706 152 529 159 527 159 490 179 431 160 430 160 428 160 426 160 424 160 424 162 402 184 380 178 378 178 377 178 375 178 373 178 373 179 365 186 365 188 311 188 270 188 241 169 239 169 238 169 236 169 234 169 233 169 197 191 195 193 157 193 92 193 58 179 56 179 54 179 53 179 51 179 34 191 35 229"/></Shape>
	    <String CONTENT="12 en mangeront. + La fille d&#39;un sacri¬"
                    HPOS="34"
                    VPOS="143"
                    WIDTH="1079"
                    HEIGHT="98"></String>
          </TextLine>

          
          
          <TextLine ID="r4l4"
                    TAGREFS="LT613"
                    BASELINE="198 287 242 285 286 283 331 281 375 280 420 278 464 277 508 275 553 274 597 273 642 272 686 271 730 270 775 269 819 268 864 267 908 266 952 265 997 264 1041 262 1086 261" 
                    HPOS="193"
                    VPOS="210"
                    WIDTH="891"
                    HEIGHT="101">
            <Shape><Polygon POINTS="197 285 200 311 221 294 327 294 361 304 370 306 371 306 373 306 443 303 445 303 447 303 450 299 464 291 514 297 534 299 536 299 538 299 539 299 544 296 565 284 615 292 644 297 646 297 647 297 663 291 671 287 687 289 719 296 721 296 723 296 740 287 759 279 781 285 793 289 795 289 796 289 798 289 808 284 822 277 832 284 839 289 841 289 843 289 844 289 879 282 913 274 928 279 951 289 952 289 954 289 956 289 957 289 975 277 976 275 1083 272 1084 260 1081 220 1053 210 1052 210 1050 210 1048 210 1026 220 1000 210 999 210 997 210 995 210 993 210 969 226 961 231 949 227 908 212 906 212 904 212 903 212 863 226 832 215 831 215 829 215 736 227 668 219 666 219 637 220 635 220 634 220 608 238 604 241 592 239 550 229 548 229 546 229 544 229 529 241 527 243 519 241 472 232 471 232 469 232 467 232 452 244 448 246 294 251 265 251 265 250 246 234 246 232 245 232 243 232 241 232 239 232 193 250 197 285"/></Shape>
	    <String CONTENT="ficateur, qui aura épousé 6 un homme du"
                    HPOS="193"
                    VPOS="210"
                    WIDTH="891"
                    HEIGHT="101"></String>
          </TextLine>

          
          
          <TextLine ID="r4l5"
                    TAGREFS="LT613"
                    BASELINE="208 353 252 351 297 348 342 347 387 344 432 342 477 340 522 338 567 336 612 334 657 332 701 330 746 328 791 327 836 325 881 324 926 323 971 322 1016 322 1061 322 1106 322" 
                    HPOS="205"
                    VPOS="275"
                    WIDTH="900"
                    HEIGHT="98">
            <Shape><Polygon POINTS="207 352 210 373 224 364 305 368 349 369 351 369 353 369 354 369 354 368 356 368 358 366 366 354 454 359 455 359 457 359 459 359 471 351 508 357 534 363 536 363 538 363 539 363 546 356 556 349 582 354 599 357 601 357 603 357 615 352 628 347 639 352 652 357 654 357 656 357 658 357 659 357 670 351 685 340 810 337 827 342 839 347 841 347 843 347 844 347 858 340 868 337 877 340 903 351 904 351 906 351 908 351 961 337 978 332 992 335 1019 342 1021 342 1023 342 1105 328 1105 321 1101 275 1002 292 918 284 894 282 892 282 891 282 882 285 855 297 843 287 837 284 836 284 834 284 832 284 831 284 820 289 810 294 803 291 798 285 796 285 795 285 793 285 712 287 711 287 709 287 699 296 694 299 690 296 683 291 683 289 682 289 680 289 678 289 676 289 675 289 663 297 651 304 596 301 572 299 570 299 436 309 371 313 366 313 325 301 323 301 322 301 320 301 318 301 301 315 262 308 260 308 205 320 207 352"/></Shape>
	    <String CONTENT="peuple, ne mangera point de ce qui a été"
                    HPOS="205"
                    VPOS="275"
                    WIDTH="900"
                    HEIGHT="98"></String>
          </TextLine>

          
          
          <TextLine ID="r4l6"
                    TAGREFS="LT613"
                    BASELINE="35 419 256 413 301 411 345 409 390 407 434 405 479 403 523 402 568 399 612 398 657 396 702 394 746 393 791 391 835 390 880 389 924 387 969 386 1013 385 1058 384 1116 392" 
                    HPOS="32"
                    VPOS="340"
                    WIDTH="1083"
                    HEIGHT="100">
            <Shape><Polygon POINTS="34 417 34 431 56 440 58 440 59 440 61 440 83 429 109 419 161 428 164 428 166 428 167 428 185 419 193 428 202 434 202 436 203 436 205 436 207 436 389 433 390 433 392 433 411 421 426 412 447 419 450 421 452 421 454 421 455 421 460 419 495 411 526 417 568 428 570 428 572 428 574 428 574 426 586 416 591 411 656 407 676 414 702 422 704 422 706 422 707 422 742 414 762 422 764 422 766 422 767 422 769 422 788 411 801 404 848 404 860 409 885 419 887 419 889 419 963 405 1002 399 1113 400 1115 390 1113 357 1101 347 1101 345 1100 345 1098 345 1096 345 1059 351 1048 342 1048 340 1047 340 1045 340 1005 340 1004 340 920 342 918 342 916 342 916 344 908 351 813 345 812 345 810 345 808 345 808 347 789 363 788 366 783 363 764 354 762 354 760 354 759 354 731 363 721 354 721 352 719 352 718 352 716 352 714 352 690 364 687 366 683 364 663 349 661 349 659 349 658 349 656 349 654 349 628 364 625 366 622 364 601 357 599 357 598 357 596 357 594 357 582 366 575 369 563 366 536 356 534 356 532 356 531 356 529 356 515 366 505 373 462 366 445 364 443 364 416 366 332 376 317 368 310 363 308 363 306 363 305 363 303 363 282 368 236 381 90 381 70 369 61 364 59 364 58 364 56 364 32 369 34 417"/></Shape>
	    <String CONTENT="13 consacré, ni des premiees, + mais lors¬"
                    HPOS="32"
                    VPOS="340"
                    WIDTH="1083"
                    HEIGHT="100"></String>
          </TextLine>

          
          
          <TextLine ID="r4l7"
                    TAGREFS="LT613"
                    BASELINE="200 477 246 476 292 474 338 473 385 470 431 468 477 466 523 464 570 460 616 459 662 456 708 453 755 452 801 450 847 448 893 447 940 447 986 446 1032 447 1078 448 1137 453" 
                    HPOS="197"
                    VPOS="400"
                    WIDTH="939"
                    HEIGHT="94">
            <Shape><Polygon POINTS="198 476 200 494 251 481 269 491 270 491 272 491 274 491 287 491 400 489 402 489 404 489 404 488 406 488 419 474 440 486 443 488 445 488 447 488 448 488 457 486 495 472 596 470 608 479 611 482 613 482 615 482 616 482 618 482 628 479 658 467 807 472 837 472 839 472 841 472 843 472 844 470 858 462 867 469 875 477 877 477 879 477 880 479 913 479 913 477 915 477 916 477 916 476 925 467 932 460 947 467 968 474 969 474 971 474 973 474 975 474 985 465 993 458 1038 464 1083 467 1084 467 1134 458 1136 452 1134 417 1101 409 1100 409 1098 409 1096 409 1062 417 995 400 993 400 992 400 904 417 861 404 860 404 858 404 856 404 855 404 829 426 805 426 781 407 779 407 778 407 718 407 716 407 714 407 668 428 640 421 639 421 637 421 553 431 503 412 502 412 500 412 498 412 496 412 472 433 394 416 392 416 390 416 389 416 365 436 335 436 315 421 313 421 311 421 310 421 308 421 306 421 291 433 281 424 279 424 277 424 275 424 274 424 272 424 272 426 257 440 197 440 198 476"/></Shape>
	    <String CONTENT="qu&#39;elle sera devenüe veuve, ou qu&#39;elle au¬"
                    HPOS="197"
                    VPOS="400"
                    WIDTH="939"
                    HEIGHT="94"></String>
          </TextLine>

          
          
          <TextLine ID="r4l8"
                    TAGREFS="LT613"
                    BASELINE="205 543 250 543 295 543 340 542 386 540 431 537 476 535 521 532 567 528 612 525 657 522 702 519 748 516 793 513 838 511 883 509 929 509 974 509 1019 509 1064 511 1110 514" 
                    HPOS="200"
                    VPOS="458"
                    WIDTH="908"
                    HEIGHT="105">
            <Shape><Polygon POINTS="203 542 203 559 404 563 406 563 407 563 428 551 433 549 435 551 455 561 457 561 459 561 460 561 483 553 562 558 563 558 565 558 567 558 577 549 628 556 630 556 632 556 661 542 683 530 813 529 832 536 846 541 848 541 849 541 851 541 853 541 861 534 875 525 954 524 971 530 1005 542 1007 542 1009 542 1011 542 1048 527 1053 525 1107 525 1108 513 1105 476 1021 458 1019 458 848 484 829 469 829 467 827 467 825 467 788 465 786 465 688 469 687 469 685 469 685 470 664 491 664 493 632 493 632 491 615 477 613 477 611 477 610 477 608 477 574 494 570 496 524 496 524 494 507 481 507 479 505 479 503 479 502 479 500 479 498 479 474 494 455 477 454 477 452 477 426 477 424 477 423 477 421 477 387 500 339 484 337 484 335 484 334 484 301 503 298 505 200 505 203 542"/></Shape>
	    <String CONTENT="ra été repudiée, et qu&#39;elle n&#39;a point d&#39;en¬"
                    HPOS="200"
                    VPOS="458"
                    WIDTH="908"
                    HEIGHT="105"></String>
          </TextLine>

          
          
          <TextLine ID="r4l9"
                    TAGREFS="LT613"
                    BASELINE="201 610 246 610 291 609 336 607 381 605 426 602 471 600 517 597 562 594 607 592 652 588 697 586 742 584 787 582 833 580 878 578 923 578 968 577 1013 578 1058 579 1104 581" 
                    HPOS="198"
                    VPOS="527"
                    WIDTH="905"
                    HEIGHT="101">
            <Shape><Polygon POINTS="200 609 200 628 359 626 361 626 363 626 366 623 382 609 402 621 409 625 411 625 412 625 414 625 431 621 490 606 534 616 546 618 548 618 550 618 560 614 599 602 652 611 658 611 659 611 661 611 663 611 682 597 844 594 865 601 885 609 887 609 889 609 891 609 892 609 892 607 901 601 908 594 966 597 983 597 985 597 987 597 988 597 990 595 1000 589 1009 595 1019 604 1021 604 1023 604 1024 606 1052 606 1052 604 1053 604 1103 590 1103 580 1100 530 1059 527 1057 527 1055 527 1053 527 1053 529 1047 534 1043 537 1033 534 1014 529 1012 529 1011 529 1009 529 993 536 976 544 968 537 961 530 959 530 957 530 956 530 885 532 884 532 861 541 849 546 829 542 781 536 779 536 778 536 757 546 747 551 685 549 635 548 634 548 604 553 582 556 570 554 546 548 544 548 543 548 541 548 539 548 529 556 524 559 457 561 450 559 424 548 423 548 421 548 356 563 346 565 332 565 274 558 272 558 270 558 253 566 227 556 226 556 224 556 222 556 198 566 200 609"/></Shape>
	    <String CONTENT="fans, si elle retourne à la maison de son"
                    HPOS="198"
                    VPOS="527"
                    WIDTH="905"
                    HEIGHT="101"></String>
          </TextLine>

          
          
          <TextLine ID="r4l10"
                    TAGREFS="LT613"
                    BASELINE="193 680 254 672 298 671 342 668 386 666 431 664 475 662 519 659 563 657 607 654 652 652 696 649 740 648 784 646 828 645 873 643 917 642 961 642 1005 641 1049 642 1094 643" 
                    HPOS="188"
                    VPOS="583"
                    WIDTH="905"
                    HEIGHT="113">
            <Shape><Polygon POINTS="191 679 191 696 260 683 301 693 303 693 305 693 306 693 308 693 310 693 354 676 472 673 524 681 536 683 538 683 539 683 546 679 579 666 733 661 745 669 747 671 748 671 750 671 752 673 798 673 798 671 800 671 801 671 807 666 819 657 853 664 873 667 875 667 877 667 889 662 896 659 916 661 959 664 961 666 961 664 1091 650 1093 642 1089 602 1014 604 978 583 976 583 975 583 973 583 971 583 969 583 952 594 918 585 916 585 915 585 913 585 911 585 882 607 855 589 853 589 851 589 849 589 683 595 646 601 644 601 642 601 620 619 524 614 522 614 404 631 375 618 373 618 371 618 370 618 323 637 260 638 258 638 215 623 214 623 212 623 210 623 209 623 188 635 191 679"/></Shape>
	    <String CONTENT="pere, elle mangera de ce quson pere"
                    HPOS="188"
                    VPOS="583"
                    WIDTH="905"
                    HEIGHT="113"></String>
          </TextLine>

          
          
          <TextLine ID="r4l11"
                    TAGREFS="LT613"
                    BASELINE="199 732 244 732 290 732 336 730 382 729 427 727 473 725 519 723 565 720 610 718 656 716 702 713 748 711 793 709 839 708 885 707 931 706 976 706 1022 706 1068 707 1114 709" 
                    HPOS="197"
                    VPOS="657"
                    WIDTH="916"
                    HEIGHT="89">
            <Shape><Polygon POINTS="198 731 198 746 383 744 385 744 387 744 402 734 527 741 546 741 548 741 550 741 551 741 551 739 563 727 670 736 671 736 673 736 675 736 690 724 699 731 700 731 702 731 704 731 831 720 885 729 887 729 889 729 891 729 908 717 990 717 1112 726 1113 708 1112 676 1083 657 1081 657 1079 657 1043 657 1041 657 1040 657 995 669 952 661 951 661 949 661 947 661 921 676 839 662 837 662 836 662 834 662 834 664 820 678 800 674 798 674 796 674 795 674 795 676 786 685 747 667 745 667 743 667 742 667 740 667 723 681 663 686 627 667 625 667 623 667 592 669 591 669 589 669 589 671 568 691 550 691 510 685 508 685 450 693 442 686 442 685 440 685 438 685 436 685 347 695 322 678 320 678 318 678 317 678 315 678 272 698 197 700 198 731"/></Shape>
	    <String CONTENT="mange, comme elle avoit accoûtimé d&#39;en"
                    HPOS="197"
                    VPOS="657"
                    WIDTH="916"
                    HEIGHT="89"></String>
          </TextLine>

          
          
          <TextLine ID="r4l12"
                    TAGREFS="LT613"
                    BASELINE="217 792 261 791 306 791 351 790 395 788 440 787 485 785 529 784 574 782 619 780 664 779 708 778 753 776 798 775 842 774 887 773 932 773 976 774 1021 774 1066 775 1111 777" 
                    HPOS="214"
                    VPOS="726"
                    WIDTH="896"
                    HEIGHT="89">
            <Shape><Polygon POINTS="215 791 217 815 238 806 337 811 339 811 341 811 342 811 354 803 402 811 411 811 412 811 414 811 416 811 436 798 455 810 457 810 459 810 460 811 512 811 512 810 526 808 625 791 642 798 644 798 646 798 819 787 827 794 827 796 829 796 831 796 832 796 834 796 860 787 889 799 896 803 897 803 899 803 901 803 903 803 903 801 904 799 918 784 1012 784 1107 794 1110 775 1107 741 975 744 971 743 951 727 949 727 947 727 945 727 944 727 894 741 865 726 863 726 812 726 810 726 757 727 755 727 754 727 736 739 670 729 668 729 666 729 611 750 580 731 579 731 577 731 575 731 574 731 541 748 522 731 520 731 519 731 517 731 515 731 469 744 424 732 423 732 421 732 419 732 418 732 418 734 397 755 395 755 318 748 317 748 214 758 215 791"/></Shape>
	    <String CONTENT="manger, étant fille. Nul étranger n&#39;aura"
                    HPOS="214"
                    VPOS="726"
                    WIDTH="896"
                    HEIGHT="89"></String>
          </TextLine>

          
          
          <TextLine ID="r4l13"
                    TAGREFS="LT613"
                    BASELINE="34 874 257 858 302 857 347 857 392 856 437 855 482 853 526 852 571 850 616 848 661 846 706 844 751 842 796 840 840 839 885 837 930 836 975 835 1020 835 1065 835 1110 835" 
                    HPOS="29"
                    VPOS="774"
                    WIDTH="1079"
                    HEIGHT="121">
            <Shape><Polygon POINTS="1024 774 993 789 988 791 983 789 942 775 940 775 939 775 937 775 896 791 868 779 867 779 865 779 863 779 861 779 849 787 798 782 796 782 795 782 764 796 748 804 598 811 575 803 574 803 572 803 570 803 568 803 565 804 550 811 539 804 536 801 534 801 532 801 531 801 529 801 510 806 495 810 490 806 483 801 481 801 479 801 478 801 395 803 394 803 371 811 327 825 255 815 229 811 227 811 226 811 217 816 186 833 125 835 29 823 32 873 32 887 186 876 200 881 229 895 231 895 233 895 320 890 322 890 349 876 366 868 380 875 383 876 385 876 387 876 389 876 390 876 392 875 411 864 514 869 630 875 632 875 634 875 666 863 707 847 747 847 764 859 766 861 767 861 769 861 771 861 772 861 779 857 812 844 848 856 861 859 863 859 865 861 935 861 935 859 937 859 971 851 1002 842 1026 847 1041 852 1043 852 1045 852 1108 844 1108 833 1103 786 1062 787 1060 786 1036 774 1024 774"/></Shape>
	    <String CONTENT="14 le pouvoir d&#39;en manger. + Celui qui aura"
                    HPOS="29"
                    VPOS="774"
                    WIDTH="1079"
                    HEIGHT="121"></String>
          </TextLine>

          
          
          <TextLine ID="r4l14"
                    TAGREFS="LT613"
                    BASELINE="216 933 260 931 305 928 350 926 395 923 440 921 485 919 530 918 575 916 620 914 665 913 709 911 754 910 799 909 844 908 889 907 934 906 979 905 1024 905 1069 904 1127 925" 
                    HPOS="214"
                    VPOS="863"
                    WIDTH="911"
                    HEIGHT="84">
            <Shape><Polygon POINTS="215 931 214 945 359 947 361 947 363 947 378 943 438 926 452 938 452 940 454 940 455 940 462 941 524 947 526 947 527 947 529 947 529 945 536 940 546 928 580 923 622 938 642 947 644 947 646 947 687 940 688 940 690 940 690 938 692 936 704 924 759 923 778 923 796 935 810 947 812 947 813 947 815 947 817 947 819 947 836 935 856 923 956 923 968 931 971 935 971 936 973 936 975 936 976 936 978 936 990 931 1014 923 1081 923 1089 929 1101 940 1101 941 1103 941 1105 941 1107 941 1108 941 1110 941 1124 929 1125 924 1125 883 1062 863 1060 863 956 863 954 863 952 863 913 873 865 863 863 863 861 863 860 863 839 878 820 868 819 868 817 868 731 876 712 864 711 864 709 864 707 864 706 864 704 864 704 866 687 880 604 871 603 871 601 871 577 878 565 868 565 866 563 866 562 866 560 866 558 866 556 866 536 885 502 873 500 873 498 873 496 873 459 887 452 888 440 887 397 880 395 880 394 880 392 880 385 887 382 888 215 888 215 931"/></Shape>
	    <String CONTENT="mangé des choses consacrées sans le sçavoir,"
                    HPOS="214"
                    VPOS="863"
                    WIDTH="911"
                    HEIGHT="84"></String>
          </TextLine>

          
          
          <TextLine ID="r4l15"
                    TAGREFS="LT613"
                    BASELINE="221 995 264 993 308 991 352 989 396 987 440 985 483 984 527 983 571 981 615 980 659 979 702 977 746 976 790 975 834 974 878 973 921 973 965 972 1009 971 1053 970 1097 969" 
                    HPOS="215"
                    VPOS="923"
                    WIDTH="881"
                    HEIGHT="92">
            <Shape><Polygon POINTS="219 994 221 1010 248 1003 257 1010 262 1013 262 1015 263 1015 265 1015 267 1015 310 1013 311 1013 325 1006 342 998 402 1003 424 1005 426 1005 428 1005 430 1005 430 1003 431 1003 438 994 486 1000 517 1003 519 1003 520 1003 531 998 546 991 586 996 637 1003 639 1003 640 1003 642 1003 656 993 664 988 685 993 716 1000 718 1000 719 1000 721 1000 721 998 730 991 735 988 738 991 748 1000 750 1000 752 1000 754 1000 987 981 993 981 1021 991 1023 991 1024 991 1095 976 1096 967 1091 923 1002 940 978 933 976 933 975 933 894 943 877 931 875 929 873 929 872 929 870 929 868 929 861 931 813 947 750 936 738 935 736 935 719 936 646 952 634 941 634 940 632 940 630 940 628 940 627 940 623 941 594 953 498 947 493 947 491 947 488 947 426 959 399 950 382 945 380 945 378 945 377 945 347 952 329 957 322 953 311 948 310 948 308 948 306 948 305 948 305 950 298 955 293 959 286 955 277 948 275 948 274 948 272 948 215 957 219 994"/></Shape>
	    <String CONTENT="il ajoutera une cinquiême partie à ce qu&#39;il"
                    HPOS="215"
                    VPOS="923"
                    WIDTH="881"
                    HEIGHT="92"></String>
          </TextLine>

          
          
          <TextLine ID="r4l16"
                    TAGREFS="LT613"
                    BASELINE="220 1061 264 1059 309 1057 354 1054 398 1053 443 1050 488 1049 532 1047 577 1045 622 1043 667 1041 711 1040 756 1039 801 1037 845 1036 890 1035 935 1034 979 1033 1024 1033 1069 1032 1114 1032" 
                    HPOS="217"
                    VPOS="981"
                    WIDTH="896"
                    HEIGHT="92">
            <Shape><Polygon POINTS="219 1060 221 1073 248 1065 334 1068 424 1073 426 1073 428 1073 430 1073 430 1072 436 1065 443 1058 462 1063 467 1065 469 1065 471 1065 472 1065 474 1065 474 1063 476 1063 483 1056 502 1061 508 1063 510 1063 512 1063 536 1060 589 1053 601 1058 618 1065 620 1065 622 1065 623 1065 642 1056 646 1054 668 1054 738 1056 740 1056 742 1056 754 1051 762 1048 803 1048 805 1049 817 1058 817 1060 819 1060 820 1060 822 1060 824 1060 863 1049 1088 1051 1089 1051 1091 1051 1093 1051 1113 1036 1113 1030 1112 1000 1002 981 1000 981 956 982 954 982 918 1003 889 986 887 986 885 986 846 986 844 986 843 986 791 1010 788 1010 778 1010 688 1001 687 1001 685 1001 661 1012 639 996 637 996 635 996 634 996 632 996 630 996 604 1015 580 996 579 996 577 996 531 996 529 996 527 996 526 996 508 1012 493 1000 491 1000 490 1000 488 1000 486 1000 426 1022 421 1022 409 1022 327 1015 325 1015 217 1027 219 1060"/></Shape>
	    <String CONTENT="a mangé, et il la donnera qu sacrificateur"
                    HPOS="217"
                    VPOS="981"
                    WIDTH="896"
                    HEIGHT="92"></String>
          </TextLine>

          
          
          <TextLine ID="r4l17"
                    TAGREFS="LT613"
                    BASELINE="34 1127 264 1115 310 1115 356 1114 401 1113 447 1111 493 1110 538 1108 584 1106 630 1105 676 1102 721 1101 767 1100 813 1098 858 1097 904 1097 950 1096 995 1097 1041 1098 1087 1099 1133 1102" 
                    HPOS="30"
                    VPOS="1042"
                    WIDTH="1102"
                    HEIGHT="95">
            <Shape><Polygon POINTS="32 1126 32 1137 171 1128 239 1135 269 1137 270 1137 272 1137 274 1137 277 1133 291 1125 342 1131 346 1131 347 1131 349 1131 371 1121 416 1121 435 1130 442 1133 443 1133 445 1133 478 1128 508 1125 522 1128 546 1135 548 1135 550 1135 551 1135 568 1126 580 1121 592 1126 606 1131 608 1131 610 1131 611 1131 613 1131 622 1125 634 1116 694 1111 730 1123 731 1123 733 1123 735 1123 736 1123 738 1123 783 1106 807 1116 808 1116 810 1116 844 1109 856 1119 858 1119 860 1119 861 1119 863 1119 894 1111 916 1118 920 1119 921 1119 923 1119 1132 1113 1132 1101 1131 1058 980 1042 978 1042 976 1042 939 1061 935 1063 930 1061 879 1044 877 1044 875 1044 873 1044 872 1044 855 1056 805 1048 803 1048 603 1054 601 1054 599 1054 579 1070 574 1073 568 1070 544 1060 543 1060 541 1060 539 1060 538 1060 526 1072 515 1080 490 1080 317 1077 311 1077 310 1077 306 1077 159 1092 95 1092 85 1082 80 1078 80 1077 78 1077 77 1077 75 1077 30 1082 32 1126"/></Shape>
	    <String CONTENT="15 comme une chose sainte. + Que les sacri¬"
                    HPOS="30"
                    VPOS="1042"
                    WIDTH="1102"
                    HEIGHT="95"></String>
          </TextLine>

          
          
          <TextLine ID="r4l18"
                    TAGREFS="LT613"
                    BASELINE="210 1179 255 1179 301 1179 347 1178 393 1177 438 1176 484 1174 530 1173 576 1171 621 1170 667 1168 713 1167 759 1165 804 1164 850 1163 896 1163 942 1162 987 1162 1033 1163 1079 1164 1125 1165" 
                    HPOS="207"
                    VPOS="1113"
                    WIDTH="917"
                    HEIGHT="90">
            <Shape><Polygon POINTS="209 1178 209 1203 394 1202 395 1202 397 1202 397 1200 400 1198 412 1185 431 1193 433 1193 435 1193 436 1193 448 1186 459 1197 462 1198 462 1200 464 1200 466 1200 467 1200 491 1195 519 1190 531 1195 546 1200 548 1200 550 1200 551 1200 553 1200 553 1198 558 1193 570 1181 628 1188 630 1188 632 1188 664 1179 690 1190 707 1195 709 1195 711 1195 712 1195 714 1195 724 1188 733 1181 791 1178 861 1178 868 1183 879 1193 879 1195 880 1195 882 1195 884 1195 913 1193 915 1193 916 1193 916 1191 928 1181 935 1176 995 1176 1007 1179 1050 1191 1052 1191 1053 1191 1055 1191 1057 1191 1057 1190 1072 1176 1124 1174 1124 1164 1122 1128 1089 1113 1088 1113 1016 1113 1014 1113 1012 1113 1011 1113 987 1131 985 1133 954 1133 954 1131 918 1114 916 1114 915 1114 913 1114 863 1126 812 1121 810 1121 808 1121 807 1121 793 1133 783 1125 781 1125 779 1125 778 1125 776 1125 774 1125 759 1135 706 1118 704 1118 702 1118 700 1118 639 1137 637 1137 560 1119 558 1119 556 1119 555 1119 524 1138 479 1126 478 1126 476 1126 474 1126 472 1126 472 1128 459 1140 397 1140 378 1140 323 1123 322 1123 320 1123 241 1125 239 1125 207 1140 209 1178"/></Shape>
	    <String CONTENT="ficateurs ne profanent point ce que les Isra¬"
                    HPOS="207"
                    VPOS="1113"
                    WIDTH="917"
                    HEIGHT="90"></String>
          </TextLine>

          
          
          <TextLine ID="r4l19"
                    TAGREFS="LT613"
                    BASELINE="227 1239 270 1239 314 1238 358 1237 402 1237 446 1235 490 1234 533 1232 577 1230 621 1229 665 1227 709 1225 753 1224 797 1222 840 1221 884 1220 928 1219 972 1219 1016 1219 1060 1219 1104 1220" 
                    HPOS="224"
                    VPOS="1174"
                    WIDTH="879"
                    HEIGHT="82">
            <Shape><Polygon POINTS="226 1238 226 1256 339 1246 394 1251 421 1255 423 1255 452 1250 486 1244 510 1248 538 1253 539 1253 541 1253 560 1246 577 1241 616 1244 661 1250 663 1250 695 1243 719 1238 760 1241 831 1246 832 1246 834 1246 855 1238 865 1233 942 1233 1002 1233 1004 1233 1016 1243 1017 1243 1019 1243 1021 1243 1103 1229 1103 1219 1100 1188 1057 1188 1055 1188 1033 1174 1031 1174 1029 1174 1028 1174 969 1188 954 1176 952 1176 951 1176 949 1176 947 1176 945 1176 945 1178 937 1186 921 1178 920 1178 918 1178 916 1178 915 1178 915 1179 901 1190 901 1191 897 1190 863 1178 861 1178 860 1178 858 1178 819 1191 813 1193 808 1191 784 1181 783 1181 781 1181 779 1181 778 1181 760 1193 755 1197 724 1197 721 1193 706 1181 704 1181 702 1181 700 1181 592 1191 491 1186 490 1186 488 1186 467 1197 455 1203 323 1203 318 1200 310 1193 310 1191 308 1191 306 1191 305 1191 303 1191 272 1200 253 1205 224 1202 226 1238"/></Shape>
	    <String CONTENT="elites auront sanctifié et offert au seig¬"
                    HPOS="224"
                    VPOS="1174"
                    WIDTH="879"
                    HEIGHT="82"></String>
          </TextLine>

          
          
          <TextLine ID="r4l20"
                    TAGREFS="LT613"
                    BASELINE="53 1310 273 1298 316 1298 359 1297 402 1295 445 1294 488 1292 531 1291 574 1289 617 1287 660 1286 703 1284 746 1282 789 1281 832 1280 875 1279 918 1278 961 1278 1004 1278 1047 1278 1090 1279" 
                    HPOS="47"
                    VPOS="1224"
                    WIDTH="1042"
                    HEIGHT="96">
            <Shape><Polygon POINTS="51 1308 51 1315 306 1310 308 1310 327 1318 329 1318 330 1318 332 1318 334 1318 334 1316 342 1308 344 1306 347 1308 361 1315 363 1315 365 1315 366 1315 397 1306 409 1304 418 1306 478 1320 479 1320 481 1320 483 1320 483 1318 496 1304 519 1303 531 1303 534 1303 587 1316 589 1316 591 1316 592 1316 639 1299 640 1298 707 1298 709 1298 754 1310 755 1310 757 1310 952 1301 954 1301 956 1301 956 1299 966 1289 985 1299 987 1299 988 1299 1071 1296 1072 1296 1089 1286 1089 1277 1086 1236 985 1239 981 1239 961 1224 959 1224 957 1224 956 1224 954 1224 891 1243 887 1243 885 1243 848 1226 846 1226 844 1226 843 1226 798 1244 793 1248 788 1246 762 1234 760 1234 759 1234 757 1234 733 1248 731 1248 707 1233 706 1233 704 1233 670 1233 668 1233 666 1233 664 1233 642 1248 603 1239 601 1239 599 1239 598 1239 598 1241 584 1253 582 1255 568 1253 460 1241 459 1241 457 1241 431 1255 418 1244 416 1244 414 1244 412 1244 318 1248 317 1248 315 1248 315 1250 306 1256 274 1250 272 1250 270 1250 227 1265 209 1274 113 1275 99 1270 71 1258 70 1258 68 1258 66 1258 65 1258 47 1267 51 1308"/></Shape>
	    <String CONTENT="16 neur, + de peur qu&#39;ils ne soient punis"
                    HPOS="47"
                    VPOS="1224"
                    WIDTH="1042"
                    HEIGHT="96"></String>
          </TextLine>

          
          
          <TextLine ID="r4l21"
                    TAGREFS="LT613"
                    BASELINE="227 1366 271 1366 315 1366 360 1364 404 1363 449 1361 493 1360 538 1357 582 1355 627 1353 671 1351 715 1349 760 1347 804 1346 849 1345 893 1344 938 1344 982 1345 1027 1346 1071 1349 1128 1355" 
                    HPOS="224"
                    VPOS="1301"
                    WIDTH="903"
                    HEIGHT="84">
            <Shape><Polygon POINTS="226 1364 226 1380 284 1370 303 1380 311 1383 313 1383 315 1385 412 1385 412 1383 464 1376 495 1373 520 1376 572 1381 574 1381 575 1381 598 1375 623 1366 644 1373 646 1373 647 1373 659 1373 848 1364 867 1370 894 1378 896 1378 897 1378 945 1368 957 1366 963 1368 983 1376 985 1376 987 1376 988 1376 990 1376 990 1375 999 1368 1004 1364 1016 1368 1047 1373 1048 1373 1050 1373 1065 1366 1076 1363 1125 1364 1127 1354 1125 1318 1101 1301 1100 1301 1098 1301 1012 1301 1011 1301 1009 1301 973 1320 939 1303 937 1303 935 1303 875 1315 832 1308 831 1308 829 1308 827 1308 813 1318 702 1304 700 1304 699 1304 697 1304 697 1306 688 1313 683 1308 682 1308 680 1308 678 1308 599 1323 565 1306 563 1306 517 1306 515 1306 514 1306 512 1306 488 1323 464 1310 462 1310 460 1310 459 1310 412 1325 409 1327 332 1327 332 1325 298 1308 296 1308 294 1308 293 1308 224 1325 226 1364"/></Shape>
	    <String CONTENT="de leurs fautes pour avoir amangé des cho¬"
                    HPOS="224"
                    VPOS="1301"
                    WIDTH="903"
                    HEIGHT="84"></String>
          </TextLine>

          
          
          <TextLine ID="r4l22"
                    TAGREFS="LT613"
                    BASELINE="222 1429 265 1428 309 1428 353 1427 397 1425 441 1424 484 1423 528 1421 572 1420 616 1419 660 1417 703 1416 747 1415 791 1414 835 1413 879 1413 922 1412 966 1412 1010 1412 1054 1413 1098 1414" 
                    HPOS="219"
                    VPOS="1363"
                    WIDTH="877"
                    HEIGHT="90">
            <Shape><Polygon POINTS="221 1428 222 1453 282 1436 351 1450 365 1452 366 1452 368 1452 378 1448 404 1441 450 1447 459 1447 460 1447 462 1447 466 1447 512 1431 570 1441 604 1448 606 1448 608 1448 610 1448 620 1440 639 1428 800 1428 815 1435 837 1443 839 1443 841 1443 843 1443 844 1443 861 1433 870 1428 903 1431 992 1441 993 1441 995 1441 1019 1429 1065 1440 1067 1440 1069 1440 1096 1424 1096 1412 1095 1371 964 1366 963 1366 961 1366 959 1366 959 1368 952 1373 949 1378 889 1378 884 1375 870 1363 868 1363 867 1363 807 1363 805 1363 803 1363 801 1363 801 1364 793 1371 783 1364 781 1364 779 1364 778 1364 706 1373 608 1366 606 1366 604 1366 544 1383 541 1385 411 1387 407 1387 387 1371 385 1371 383 1371 382 1371 380 1371 378 1371 378 1373 366 1385 327 1388 313 1388 310 1388 241 1373 239 1373 238 1373 236 1373 219 1383 221 1428"/></Shape>
	    <String CONTENT="ses consacrées. Je suis le Signeur, qui les"
                    HPOS="219"
                    VPOS="1363"
                    WIDTH="877"
                    HEIGHT="90"></String>
          </TextLine>

          
          
          <TextLine ID="r4l23"
                    TAGREFS="LT613"
                    BASELINE="61 1500 277 1489 321 1488 365 1488 409 1487 453 1487 497 1486 540 1486 584 1485 628 1485 672 1485 716 1485 760 1484 804 1484 847 1483 891 1482 935 1482 979 1481 1023 1480 1067 1479 1126 1510" 
                    HPOS="58"
                    VPOS="1431"
                    WIDTH="1067"
                    HEIGHT="84">
            <Shape><Polygon POINTS="59 1498 59 1510 173 1501 188 1510 191 1513 193 1513 195 1513 197 1515 263 1515 263 1513 265 1513 277 1510 317 1500 359 1508 361 1508 363 1508 385 1500 412 1508 414 1508 416 1508 418 1508 419 1508 435 1500 584 1500 651 1508 663 1510 664 1510 666 1510 668 1510 668 1508 682 1498 769 1508 786 1510 788 1510 798 1508 858 1496 1117 1507 1125 1508 1124 1447 1095 1433 1093 1433 1091 1433 1055 1440 1041 1431 1040 1431 1038 1431 1036 1431 1035 1431 985 1450 981 1452 937 1452 935 1450 925 1440 923 1440 921 1440 920 1440 918 1440 916 1440 908 1447 889 1433 887 1433 885 1433 817 1433 815 1433 813 1433 812 1433 793 1448 788 1453 762 1453 757 1448 742 1435 740 1435 738 1435 707 1435 706 1435 704 1435 702 1435 685 1448 682 1452 678 1448 656 1435 654 1435 652 1435 570 1435 568 1435 567 1435 565 1435 548 1448 541 1455 510 1455 505 1448 493 1438 493 1436 491 1436 490 1436 488 1436 486 1436 459 1448 445 1453 430 1448 392 1436 390 1436 389 1436 387 1436 346 1448 344 1448 342 1448 320 1436 318 1436 317 1436 315 1436 313 1436 313 1438 303 1448 299 1450 298 1448 287 1440 287 1438 286 1438 284 1438 255 1438 253 1438 251 1438 250 1438 234 1448 221 1455 197 1448 186 1445 185 1445 183 1445 181 1445 179 1445 176 1448 166 1455 58 1448 59 1498"/></Shape>
	    <String CONTENT="17 sanctifié. + Le Seigneur parla à Moyse,"
                    HPOS="58"
                    VPOS="1431"
                    WIDTH="1067"
                    HEIGHT="84"></String>
          </TextLine>

          
          
          <TextLine ID="r4l24"
                    TAGREFS="LT613"
                    BASELINE="62 1568 270 1556 314 1555 358 1555 402 1554 446 1554 489 1553 533 1552 577 1552 621 1551 665 1550 708 1549 752 1548 796 1547 840 1546 884 1544 927 1543 971 1542 1015 1540 1059 1539 1103 1537" 
                    HPOS="58"
                    VPOS="1484"
                    WIDTH="1043"
                    HEIGHT="101">
            <Shape><Polygon POINTS="61 1566 61 1578 197 1575 200 1577 207 1584 209 1584 210 1584 212 1584 214 1584 238 1577 243 1575 250 1575 306 1585 308 1585 310 1585 334 1573 341 1570 353 1573 380 1580 382 1580 383 1580 385 1580 387 1580 400 1572 411 1565 472 1565 493 1568 543 1580 544 1580 546 1580 548 1580 565 1568 574 1575 575 1575 577 1575 579 1575 646 1565 661 1563 675 1563 754 1572 755 1572 897 1565 899 1565 920 1556 933 1551 940 1556 947 1563 949 1563 951 1563 952 1563 1101 1551 1101 1536 1096 1501 1029 1503 1028 1503 1009 1486 1009 1484 1007 1484 1005 1484 1004 1484 1002 1484 954 1500 927 1488 925 1488 923 1488 921 1488 920 1488 920 1489 918 1489 904 1507 903 1510 788 1512 781 1510 742 1496 740 1496 738 1496 736 1496 707 1512 697 1518 599 1520 580 1517 512 1498 510 1498 508 1498 431 1515 406 1503 404 1503 402 1503 262 1508 260 1508 210 1527 188 1537 137 1541 109 1530 82 1520 80 1520 78 1520 77 1520 58 1529 61 1566"/></Shape>
	    <String CONTENT="18 et lui dit: + Dites à Aaron, à ses fils, et"
                    HPOS="58"
                    VPOS="1484"
                    WIDTH="1043"
                    HEIGHT="101"></String>
          </TextLine>

          
          
          <TextLine ID="r4l25"
                    TAGREFS="LT613"
                    BASELINE="238 1616 280 1616 322 1615 365 1614 407 1613 450 1612 492 1611 534 1610 577 1610 619 1609 662 1608 704 1607 746 1606 789 1605 831 1604 874 1603 916 1602 958 1601 1001 1599 1043 1598 1103 1611" 
                    HPOS="234"
                    VPOS="1554"
                    WIDTH="867"
                    HEIGHT="86">
            <Shape><Polygon POINTS="236 1614 234 1628 293 1638 294 1638 342 1628 356 1638 358 1638 359 1638 361 1638 363 1638 402 1626 426 1620 433 1626 447 1638 448 1638 450 1638 452 1638 454 1638 491 1626 500 1623 505 1625 522 1633 524 1633 526 1633 574 1625 586 1635 586 1637 587 1637 589 1637 635 1638 637 1638 639 1638 640 1638 656 1626 721 1638 723 1638 724 1638 726 1638 747 1623 748 1621 750 1623 769 1638 771 1638 772 1638 774 1640 903 1640 903 1638 904 1638 906 1638 930 1620 932 1620 1033 1620 1053 1620 1067 1632 1067 1633 1069 1633 1071 1633 1072 1633 1074 1633 1100 1618 1101 1609 1101 1560 1050 1554 1048 1554 1047 1554 1045 1554 1038 1560 1031 1566 1023 1560 1014 1554 1012 1554 1011 1554 1009 1554 1007 1554 992 1561 975 1568 968 1561 961 1556 961 1554 959 1554 957 1554 891 1554 889 1554 887 1554 885 1554 875 1563 870 1566 851 1563 800 1556 798 1556 796 1556 795 1556 781 1565 774 1570 762 1565 748 1561 747 1561 745 1561 743 1561 730 1566 714 1572 706 1566 690 1556 688 1556 687 1556 685 1556 683 1556 682 1556 682 1558 670 1566 661 1577 620 1577 603 1568 565 1554 563 1554 562 1554 560 1554 558 1554 541 1570 534 1577 514 1577 505 1570 483 1554 481 1554 479 1554 478 1554 476 1554 474 1554 447 1572 442 1575 431 1572 394 1561 392 1561 390 1561 389 1561 358 1573 353 1577 236 1577 236 1614"/></Shape>
	    <String CONTENT="à tous les Israëlites, si quelque Israëlite,"
                    HPOS="234"
                    VPOS="1554"
                    WIDTH="867"
                    HEIGHT="86"></String>
          </TextLine>

          
          
          <TextLine ID="r4l26"
                    TAGREFS="LT613"
                    BASELINE="238 1673 281 1674 324 1674 367 1674 410 1674 453 1673 496 1672 539 1672 582 1671 625 1670 668 1669 711 1667 754 1666 797 1665 840 1664 883 1663 926 1661 969 1661 1012 1660 1055 1659 1098 1659" 
                    HPOS="234"
                    VPOS="1620"
                    WIDTH="862"
                    HEIGHT="80">
            <Shape><Polygon POINTS="236 1671 236 1686 263 1700 265 1700 267 1700 395 1698 397 1698 424 1685 488 1681 570 1676 587 1679 664 1695 666 1695 760 1674 776 1673 805 1673 807 1674 820 1686 820 1688 822 1688 824 1688 825 1688 827 1688 887 1673 889 1673 894 1673 1071 1679 1072 1679 1074 1679 1096 1667 1096 1657 1093 1620 1045 1628 983 1621 969 1621 968 1621 966 1621 964 1621 964 1623 954 1630 945 1623 944 1621 942 1621 940 1621 939 1621 937 1621 928 1623 899 1632 865 1625 849 1623 848 1623 824 1626 771 1635 709 1630 670 1626 668 1626 666 1626 664 1626 659 1632 651 1637 625 1632 594 1626 592 1626 591 1626 567 1633 550 1638 536 1635 515 1628 514 1628 512 1628 469 1637 447 1640 423 1638 361 1630 359 1630 358 1630 323 1640 317 1642 311 1640 282 1632 281 1632 279 1632 277 1632 234 1642 236 1671"/></Shape>
	    <String CONTENT="et quelqu&#39;un des étrangers, qui habitent"
                    HPOS="234"
                    VPOS="1620"
                    WIDTH="862"
                    HEIGHT="80"></String>
          </TextLine>

          
          
          <TextLine ID="r4l27"
                    TAGREFS="LT613"
                    BASELINE="245 1732 287 1734 330 1734 372 1735 415 1735 458 1735 500 1734 543 1733 585 1732 628 1731 671 1730 713 1728 756 1727 798 1725 841 1723 884 1721 926 1720 969 1719 1011 1717 1054 1716 1097 1715" 
                    HPOS="241"
                    VPOS="1676"
                    WIDTH="855"
                    HEIGHT="77">
            <Shape><Polygon POINTS="243 1731 243 1750 366 1743 373 1748 377 1751 378 1751 380 1751 498 1753 500 1753 587 1741 620 1738 627 1741 646 1750 647 1750 649 1750 707 1738 714 1738 723 1738 796 1746 798 1746 800 1746 841 1736 867 1745 868 1745 870 1745 872 1745 906 1733 909 1733 918 1733 1000 1743 1002 1743 1004 1743 1028 1731 1029 1729 1096 1727 1096 1714 1093 1678 993 1676 992 1676 990 1676 985 1679 968 1688 925 1679 913 1678 911 1678 909 1678 908 1678 906 1679 889 1691 872 1681 868 1678 867 1678 865 1678 863 1678 861 1678 860 1678 856 1681 846 1686 813 1681 798 1679 796 1679 795 1679 788 1681 752 1695 719 1683 714 1681 712 1681 711 1681 673 1683 558 1693 543 1686 539 1685 538 1685 536 1685 534 1685 531 1686 496 1702 323 1703 241 1691 243 1731"/></Shape>
	    <String CONTENT="parmi vous, offrent leurs offrandes, soit"
                    HPOS="241"
                    VPOS="1676"
                    WIDTH="855"
                    HEIGHT="77"></String>
          </TextLine>

          
        </TextBlock>
        
        <TextBlock HPOS="160"
                   VPOS="1774"
                   WIDTH="959"
                   HEIGHT="209"
                   ID="eSc_textblock_e1114b1c"
                   TAGREFS="BT1590">
          <Shape><Polygon POINTS="165 1774 160 1983 332 1980 1119 1963 1119 1774"/></Shape>
          
          
          <TextLine ID="r4l28"
                    TAGREFS="LT613"
                    BASELINE="185 1827 249 1814 294 1813 339 1812 384 1811 429 1811 474 1810 519 1810 564 1809 609 1809 655 1808 700 1808 745 1808 790 1807 835 1807 880 1807 925 1806 970 1806 1015 1805 1060 1804 1106 1803" 
                    HPOS="181"
                    VPOS="1760"
                    WIDTH="924"
                    HEIGHT="86">
            <Shape><Polygon POINTS="183 1825 183 1840 272 1830 293 1839 310 1846 311 1846 313 1846 315 1846 334 1837 359 1827 457 1832 459 1832 460 1832 462 1832 524 1822 539 1830 541 1830 543 1830 544 1830 546 1830 550 1828 572 1822 579 1828 587 1835 587 1837 589 1837 591 1837 592 1837 639 1835 640 1835 642 1835 642 1834 652 1825 656 1823 659 1825 673 1835 675 1835 676 1835 678 1835 680 1835 682 1835 697 1823 704 1818 711 1823 719 1828 721 1828 723 1828 724 1828 726 1828 728 1828 728 1827 735 1822 740 1818 743 1822 747 1825 748 1825 750 1825 752 1825 1062 1823 1064 1823 1105 1808 1105 1801 1100 1769 988 1770 969 1760 968 1760 966 1760 964 1760 963 1760 921 1772 899 1762 897 1762 896 1762 894 1762 855 1774 843 1763 843 1762 841 1762 839 1762 837 1762 836 1762 834 1762 817 1775 796 1767 795 1767 793 1767 791 1767 789 1767 781 1774 771 1765 771 1763 769 1763 767 1763 766 1763 764 1763 762 1763 747 1774 731 1763 730 1763 728 1763 726 1763 724 1763 695 1779 675 1770 673 1770 671 1770 670 1770 668 1770 652 1781 637 1769 635 1769 634 1769 632 1769 630 1769 594 1782 584 1772 584 1770 582 1770 580 1770 579 1770 532 1779 510 1770 508 1770 507 1770 505 1770 503 1770 503 1772 493 1781 486 1774 484 1774 483 1774 481 1774 479 1774 448 1786 411 1774 409 1774 407 1774 313 1787 197 1781 195 1781 193 1781 191 1781 181 1787 183 1825"/></Shape>
	    <String CONTENT="sonne que des esclaves, qui sont de la maison, et"
                    HPOS="181"
                    VPOS="1760"
                    WIDTH="924"
                    HEIGHT="86"></String>
          </TextLine>

          
          
          <TextLine ID="r4l29"
                    TAGREFS="LT613"
                    BASELINE="187 1878 229 1865 254 1864 280 1863 305 1863 330 1862 356 1862 381 1862 407 1862 432 1861 457 1860 483 1858 508 1857 534 1854" 
                    HPOS="183"
                    VPOS="1811"
                    WIDTH="349"
                    HEIGHT="88">
            <Shape><Polygon POINTS="186 1876 190 1899 227 1883 267 1892 272 1892 274 1892 275 1892 277 1892 277 1890 291 1876 349 1876 358 1883 359 1885 361 1885 363 1885 365 1885 366 1885 373 1882 390 1873 532 1866 532 1852 527 1820 440 1811 438 1811 436 1811 378 1832 342 1820 341 1820 339 1820 337 1820 335 1820 310 1839 279 1839 243 1828 241 1828 239 1828 238 1828 183 1847 186 1876"/></Shape>
	    <String CONTENT="qui y travaillent."
                    HPOS="183"
                    VPOS="1811"
                    WIDTH="349"
                    HEIGHT="88"></String>
          </TextLine>

          
          
          <TextLine ID="r4l30"
                    TAGREFS="LT613"
                    BASELINE="233 1906 276 1905 319 1905 362 1904 405 1904 448 1903 491 1903 534 1902 577 1902 620 1902 664 1902 707 1901 750 1901 793 1902 836 1902 879 1902 922 1902 965 1903 1008 1903 1051 1904 1095 1904" 
                    HPOS="229"
                    VPOS="1859"
                    WIDTH="864"
                    HEIGHT="70">
            <Shape><Polygon POINTS="263 1863 246 1864 243 1864 229 1868 231 1904 231 1916 263 1924 265 1924 382 1916 438 1912 443 1916 450 1923 452 1923 454 1923 455 1923 457 1923 459 1923 466 1916 469 1912 556 1912 567 1916 596 1928 598 1928 599 1928 601 1928 603 1928 618 1916 622 1912 625 1916 635 1923 637 1923 639 1923 640 1923 642 1923 671 1916 680 1914 706 1916 795 1923 796 1923 865 1916 867 1916 899 1928 901 1928 903 1929 983 1929 983 1928 985 1928 987 1928 997 1918 1091 1914 1093 1902 1091 1870 646 1859 644 1859 584 1868 517 1859 515 1859 514 1859 495 1868 472 1859 471 1859 469 1859 467 1859 466 1859 450 1870 279 1870 270 1863 263 1863"/></Shape>
	    <String CONTENT="V. XII. 6 Ebr. Unétranger, C. un homme, qui ne"
                    HPOS="229"
                    VPOS="1859"
                    WIDTH="864"
                    HEIGHT="70"></String>
          </TextLine>

          
          
          <TextLine ID="r4l31"
                    TAGREFS="LT613"
                    BASELINE="197 1956 228 1957 259 1957 290 1958 322 1958 353 1957 384 1957 415 1957 447 1956 478 1956 509 1955 540 1954 572 1953 603 1953 634 1952 665 1951 697 1950 728 1950 759 1949 790 1949 830 1952" 
                    HPOS="193"
                    VPOS="1907"
                    WIDTH="636"
                    HEIGHT="76">
            <Shape><Polygon POINTS="195 1955 197 1983 227 1972 347 1979 402 1981 404 1981 430 1976 457 1971 464 1976 469 1979 471 1979 472 1979 474 1979 476 1979 478 1979 478 1977 483 1974 491 1967 534 1972 584 1979 586 1979 743 1967 766 1965 767 1965 791 1977 793 1977 795 1977 796 1977 829 1964 829 1950 825 1918 798 1919 795 1916 784 1909 784 1907 783 1907 781 1907 779 1907 716 1916 714 1916 664 1907 663 1907 661 1907 635 1916 632 1918 628 1916 618 1909 616 1909 615 1909 613 1909 611 1909 596 1916 586 1923 531 1923 522 1916 514 1909 512 1909 510 1909 508 1909 507 1909 490 1916 474 1921 457 1916 442 1911 440 1911 438 1911 436 1911 424 1916 406 1923 193 1916 195 1955"/></Shape>
	    <String CONTENT="sera point de race sacerdotale."
                    HPOS="193"
                    VPOS="1907"
                    WIDTH="636"
                    HEIGHT="76"></String>
          </TextLine>

          
        </TextBlock>
        

        
      </PrintSpace>
    </Page>
  </Layout>
</alto>
