1181 2173
184 43 922 56 traire: c'est assés, ne me parlés plus du

32 74 1089 87 27 tout de cette affaire. + Montés sur le som¬

177 135 956 82 met 2 de Pharga, et jettés les yeux vers l'oc¬

175 193 917 85 cident, vers le septentrion, vers le midi, et

170 246 938 99 vers l'orient: car vous ne passerés point le

21 304 1112 92 28 Jourdain. + donnés vos ordres à Josüé, ren¬

164 363 949 95 dés le ferme, et le fortifiés, parce qu'il doit

168 427 964 92 marcher à la tête de ce peuple, et leur par¬

19 481 1085 125 29 tager le pais que vous allés voir. + et nous

168 554 933 90 nous arrêtames dans la valleé vis à vis du

163 619 411 96 temple de Phogor.

170 698 922 69 V. XXVIII 2 On peut aussi traduire sur l'Ebreu de la

137 751 161 76 colline.

327 779 489 135 Chapitre IV.

48 901 1067 111 1 Ecoutés maintenant Isrëlites les com¬

182 979 944 102 mandemens, et les loix que je vous enseigne,

184 1046 937 83 afin que vous viviés en les mettant en pra¬

181 1108 951 92 tiqu et que vous entriés en possession du pais

175 1175 922 74 que le Seigneur vôtre Dieu vous doit don¬

19 1233 1060 83 2 ner. + Vous n'ajouterés, ni n'oserés rien

177 1283 922 85 à ce que je vous commande. 1 Observes les

172 1354 931 89 commandemens du Seigneur vôtre Dieu, que

19 1410 1076 100 3 je vous donne. + Vos yeux ont vû  tout ce

166 1477 926 87 que le Seigneur a fait contre Beelphegor;

177 1541 924 85 comment il y a fait perir entierement ceux

16 1600 1090 82 4 d'entre vous qui l'adoroient. + Mais vous

172 1662 914 83 2 qui étes attachés au Seigneur vôtre Dieu,

25 1720 1103 87 5 vous éetes tous vivants aujourd'hui, + Vous sça¬

159 1810 938 87 V. II 1 Ebr. pour observer, C. afin que vous puissiés ob¬

110 1863 168 61 server.

168 1904 893 93 V. IV 2 C. qui ne vous eloignés point de son culte.

896 2048 176 81 vers que
