1127 2168
435 18 366 113 Chapitre III.

39 104 1062 103 1 Or le serpent, qui étoit le plus fin de tous les ani¬

153 160 921 94 maux de la terre, que le Seigneur Dieu avoit

146 205 935 94 fait, dit à la femme: pourquoy dieu vous

155 258 912 94 a-t-il commandé de ne point manger du

153 314 888 90 fruit de toute sorte d'arbres du Jardin

41 372 1029 76 2. + La femme lui repondit: nous mangeons

157 426 933 81 du fruit des arbres, qui sont dans le jardin

27 478 1052 76 3 + Mais pour le fruit de l'arbre, qui est au

162 527 932 92 milieu du Jardin, Dieu nous a defendu d'en

157 583 926 94 manger et d'y toucher, de peur de mourir.

37 637 1035 85 4 + Le serpent dit à la femme: non, nous ne

37 697 1048 74 5 mourrés point; + mais Dieu sçait, qu'aussitôt

157 751 937 74 que vous en aurés mangé, vos yeux 2 s'ouvri¬

155 807 930 76 ront, et que vous serés comme 3 des dieux, sça¬

37 858 1039 76 6 chant le bien et le mal. + La femme donc

170 910 904 76 ayant vû, que le fruit de l'arbre étoit bon à

159 955 931 89 manger, beau à la vûe et agreable à regarder,

166 1008 921 83 elle en prit, et en mangea, puis elle en don¬

37 1060 1024 72 7 na à son mari, qui en magea. + Alors

171 1109 887 76 leurs yeux s'ouvrirent, et ayant connu,

175 1158 879 74 qu'ils étoient nuds, ils cousirent ensemble

171 1210 894 69 des feuilles de figuier, dont ils se firent des

28 1268 1035 63 8 4 ceintures. + Adam et sa femme ayant

142 1360 438 72 V. I.1 autre. le plus rusé.

135 1401 923 71 V. V. 2 Ce n'est pas, qu'ils eussent lex yeux fermés

108 1448 968 62 auparavant; mais on a dit d'une personne, qui examine

110 1501 941 61 de prés quelques chose, à laquelle il n'auroit pas

108 1544 943 67 fait assés d'attention auparavant, qu'il ouvre les

99 1582 964 78 yeux; c'est en ce sens que nous disons en nôtre lan¬

104 1645 418 65 gue ouvrés les yeux.

213 1653 847 95 3 Il y a dans l'Ebreu le mot de Elohim, que

112 1712 960 80 l'ancienne version samaritaine et plusieurs Rabbins

108 1757 923 89 traduisent: Anges. On peut assu traduire sur

112 1817 660 61 l'Ebreu à la lettre: comme Dieu.

144 1857 908 76 V. VII 4 Quelques Juifs ont aussi traduit ceintures

106 1909 910 65 dans leurs versions en langue vulgaire. Mais

106 1945 916 73 quoique ce mot exprime la proprieté du mot, qui

110 1987 913 67 est dans l'Ebreu, il ne nous marque pas assés ce

112 2030 931 65 que c'étoit que cette ceinture, et nous n'en avons

103 2061 920 85 point de propre en notre langue. Les negres
