1220 2176
181 19 966 84 encore d’une playe Pharaon, et l’Egypte,

177 79 970 86 et aprés cela il vous laîssera aller, vous obli¬

29 134 1087 101 2 geant lui-même de sortir. + Vous dirés

185 190 935 98 à tout le peuple, que chacun 2 emprunte

183 246 948 109 de son amie, et chaque femme de sa voisine

25 311 1124 100 3 des vases d’or, et d’argent, + et le Seigneur

183 373 933 116 rendra le peuple agreable aux Egyptiens.

179 435 962 112 Or Moyse passoit pour un tres grand homme

179 496 962 118 dans l’Egypte, auprés des serviteurs de Phara¬

30 562 1077 114 4 on, et de tout le peuple. + Il dit aux

177 618 932 116 Israëlites: voici ce que dit le Seigneur. Je

177 687 975 121 sortirai 3à minuit pour entrer dans l’Egy¬

38 759 1078 107 5 pte, + et tous 4 les premiers nés de ce pais

185 823 942 96 là mourront depuis le premier né de Pha¬

185 888 944 103 raon, qui est assis sur son trosne, jusqu’au

185 959 936 92 premier né de la servante, qui tourne la

181 1029 968 89 meule, et jusqu’aux premiers nés des bestes.

29 1088 1107 96 6 + Il y aura de grands cris dans toute l’E¬

183 1155 915 92 gypte; Il n’y en a jamais eu, et il n’y en

34 1222 1129 98 7 aura jamais de semblable. + Mais on n’en¬

192 1292 942 68 tendra pas le moindre cri d’un chien parmi

192 1350 913 80 les Israëlites, depuis les hommes jusques aux

196 1410 924 75 bestes, afin que vous connoissiés, combien est

201 1496 917 74 V.II 2 Let. demande. Ces meubles, que les Israëlites

167 1552 929 67 emprunterent des Egyptiens leur tinrent lieu de

176 1608 976 65 recompense pour les services, qu’ils avoient ren¬

172 1657 514 62 dus aux mêmes Egyptiens.

199 1697 921 80 V. IV. 3 Ebr. Comme à minuit, ou sur le minuit,

163 1755 973 71 mais les plus sçavans Rabbins confirment l’inter¬

172 1804 962 65 pretation de S. Jerome, qui n’a point exprimé dans

168 1851 964 65 nôtre version la particule, pace qu’elle est en ce lieu¬

177 1898 872 60 ci affirmative, marquant precisement le teḿs.

214 1940 931 70 V. V. 4 Par le mot de premier né il faut entendre

183 1981 937 73 celui qui est venu le premier au monde, bien qu’il

181 2025 942 74 n’ait point des freres, selon le stile de l’Ecriture.
