1207 2198
55 58 1102 77 25 pour differens usages. + Les femmes de plus

209 104 952 86 qui sçavoient travailler, donnerent ce qu’elles

209 157 972 99 avoient filé d’hyacinthe, de pourpre, d’écar¬

40 221 1117 81 26 late et de fin lin, + et de poils de chevres,

40 276 1132 92 27 donnant tout de bonne volonté. + Ceux qui

199 338 958 85 étoient le plus de qualité, offrirent des pierres

201 397 943 82 d’onix, et des pierreries pour l’Ephod et le

45 457 1125 90 28 rational, + des aromates, et de l’huile pour

199 525 940 83 mettre dans les lampes, et pour composer

201 582 956 92 l’huile d’onction, et les parfums d’une odeur

56 650 1079 91 29 agreable. + Tous les hommes, et toutes les

192 712 985 97 femmes presentoient leurs offrandes, avec gran¬

201 783 954 83 de affection pour faire les ouvrages, que Dieu

198 842 959 92 avoit commandés par Moyse, tous les Isra¬

199 901 941 97 elites firent leurs offrandes au Seigneur de

36 968 1130 88 30 bonne volonté. + Moyse leur dit: le Seigneur

221 1027 918 93 1 a nommé exprés Beseléel fils d’Uri, fils de

49 1091 1106 81 31 Hur de la tribu de Juda, + et il l’a rempli

203 1152 965 89 de son esprit divin, de la sagesse, d’intelligence,

199 1212 923 81 de science, et de toute forme de connoissance,

60 1269 1088 88 32 + pour inventer, et faire tout ce qui se peut

58 1333 1057 79 33 faire en or, en argent, et en airain, + en

205 1395 939 83 gravûre de pierres pretieuses, et dans les ou¬

44 1456 1071 80 34 vrages, qui se font en bois. + Il l’a rendu

201 1518 952 75 habile dans tout ce qu’un ouvrier peut inven¬

199 1577 927 82 ter, aussi bien qu’Ooliab fils d’Achisamech

42 1635 1071 84 35 de la tribu de Dan. + Il leur a donné à

199 1696 927 80 tous deux de la sagesse, pour faire des ouvra¬

194 1752 961 83 ges en bois, à l’aiguille, et en broderie, d’hya¬

198 1813 937 80 cinte, de pourpre, d’écarlate teinte deux fois,

199 1870 927 77 et de fin lin, et pour travailler à toutes sortes

201 1925 910 80 d’ouvrages de tissure, et pour inventer de

203 1981 420 61 nouveaux desseins.

199 2064 553 82 V. XXX 1 Voyés le Chapitre 31.
