1131 2058
199 53 871 94 en s'aquitant de leurs voeux, soit en fai¬

200 113 867 96 sant des offrandes volontaires, tout ce qu'ils

61 183 991 105 19 offriront au Seigneur en holocauste, +

187 250 904 94 par vôtre ministere, doit être un masle,

197 305 861 79 pris d'entre les taureaux, les agneaux,

200 370 853 72 et les chevreaux, et qui n'aura auxun

66 420 1022 97 20 defaut. + S'il a quelque defaut, ne l'offrés

192 492 882 73 point; car il ne seroit point agreable.

54 547 1028 84 21 + Celui qui offrira au Seigneur une vi¬

199 605 847 84 ctime de paix, soit qu'il s'aquitte de ses

204 668 854 78 voeux, soit qu'il offre volontairement,

199 723 863 79 tant d'entre les taureaux, que d'entre

192 785 866 87 8 les agneaux, il l'offrira sans qu'elle ait

204 848 872 81 aucun defaut, afin qu'elle soit agreable:

56 905 1011 89 22 elle n'aura aucun defaut. + Si la beste

211 972 897 87 est aveugle, si elle a quelque chose de rom¬

209 1037 885 79 pu, quelque 9 cicatrice, tumeur, gale, rogne,

199 1099 866 74 vous n'offrirés point au Seigneur de telles

207 1157 879 79 bestes, ni ne les ferés point brûler sur son

51 1205 1037 98 23 autel. pu. + Vous pouvés bien faire une of¬

204 1279 870 79 frande volontaire d'un taureau, ou d'un a¬

207 1339 843 87 gneau, dont on aura coupé une oreille

207 1401 862 92 ou la queüe: mais ils ne peuvent servir

54 1442 1032 123 24 pour s'aquitter d'un voeu. + Vous n'offrirés

216 1531 837 89 au Seigneur aucun animal qui ait les

200 1582 896 93 parties brisées ou froissées, coupées, ou ôtées:

193 1670 635 74 V. XIX 7 Ebr. selonvôtre volonté.

211 1716 849 84 V. XXI 8 Le mot Ebreu signifie les agneaux, et les

185 1778 204 50 chevreaux.

211 1795 887 77 V. XXII 9 Autr. quelque blessure. On n'est pas nean¬

171 1848 901 69 moins certain de la signification du mot Ebreu non plus

180 1891 863 88 que de quelques autres, qui font ici, et dans les deux

176 1958 268 74 versets suivans.
