1203 2132
197 17 920 89 merveilleuse la difference, que le Seigneur

195 85 920 83 met entre les Israëlites, et les Egyptiens.

51 147 1102 85 8 + Et tous les serviteurs, que vous avés, 5 vi¬

199 211 927 76 endront se prosterner devant moy, et me

206 271 931 75 diront, sortés avec tout le peuple, 6 qui vous

39 318 1121 120 9 est soumis; et nous sortirons ensuite. + Moy¬

193 389 967 81 se tout en colere quitta Pharaon, et le Seig¬

200 449 958 82 neur dit à Moyse: Pharaon ne vous écoutera

206 517 940 90 point, 6 afin qu’il se fasse un grand nombre

35 580 1088 96 10 de miracles dans l’Egypte. + Moyse et

216 648 901 76 Aaron firent devant Pharaon tous les

213 703 954 89 prodiges qu’on vient d’écrire, et le Seigneur

222 767 945 84 endurcit le cœur de Pharaon, qui ne laissa

207 826 823 76 point aller de son pais les Israëlites.

186 918 620 82 V. VII 5 Let. Ils m’adoreront.

282 966 876 85 6 S. Jerome à exprimé le sens, y ayant dans

167 1023 989 92 l’Ebreu qui est à vos pieds, c. selon plusieurs Juifs,

177 1078 839 96 qui vont avec vous. Ou qui vous suivent.

202 1140 938 80 V. IX 7 La particule, afinque ne remarque souvent

175 1188 949 78 dans l’Ecriture que l’evenement, le sens est: cela

174 1240 952 81 ne donnera occasion de faire un grand nombre de

167 1307 191 71 miracles.

390 1391 491 117 Chapitre XII.

92 1483 1034 117 1 Le Seigneur 1 dit aussi dans l’Egypte

94 1559 1037 98 2 à Moyse et à Aaron: + Ce mois ci sera

229 1636 881 73 le commencement de vos mois. Il sera

87 1693 1039 99 3 2 le premier des mois de l’année. + Parlés

213 1790 922 63 V. I 1 On doit appliquer ici la remarque, qu’on a deja

179 1837 949 67 faite plusieurs fois; sçavoir que Moyse n’a pas toû¬

177 1883 944 62 jours gardé dans ses narrations l’ordre des teḿs.

213 1931 920 65 V. II 2 Ce premier mois en celui que les Juifs nom¬

179 1975 929 89 ment Nisan et il répond pour l’ordinaire à nôtre

184 2021 313 55 mois de Mars.
