1174 2095
200 73 914 56 entendu la voix du Seigneur Dieu, qui se

192 103 954 73 promenoit 5 aprés midi dans le jardin à la frai¬

195 150 930 75 scheur, ils se retirerent de devant lui, se ca¬

48 195 1082 98 9 chant dans les arbres du jardin. + Et le

192 246 936 75 Seigneur Dieu, ayant appelé Adam lui dit:

36 288 1087 76 10 Où étes vous? + Il répondit: J’ai entendu

195 347 935 68 vôtre voix dans le jardin; mais j’ai eu peur,

188 396 921 73 parce que j’étois nud, et je me suis caché.

34 439 1106 88 11 + Le Seigneur lui dit: qui est ce qui vous a fait

197 497 912 73 connoître, que vous étiés nud? n’est ce pas

192 549 941 76 pour avoir mangé du fruit de l’arbre, dont

190 611 942 62 je vous avois commendé, de ne point manger?

41 658 1061 73 12 + Adam répondit: la femme, que vous m’avés

185 708 941 84 donnée pour compagne m’a donné de ce fruit,

40 757 1079 70 15 et j’en ai mangé. + Le Seigneur Dieu dit à

181 810 924 64 la femme: pourquoi avés vous fait cela?

188 851 917 77 et elle répondit: le serpent m’ayant trompée

47 899 1053 83 14 j’en ai mangé. + Le Seigneur Dieu dit

181 956 926 75 au serpent: pour avoir fait cela, tu seras

179 1003 937 70 maudit entre tous les animaux, et toutes les

181 1057 928 77 bestes de la terre, tu marcheras sur ton ventre,

179 1112 940 75 et tu mangeras de la terre, tant que tu vivras.

47 1152 1065 91 15 Je mettrai de l’inimité entre toy et la femme,

176 1211 936 84 entre ceux, qui viendront de toy, et ceux qui

134 1316 992 78 couvrent leur nudité d’une semblabe ceinture, qu’on

143 1363 992 94 nomme en nôtre langue pagne, d’un mot Espag¬

139 1414 369 55 nol ou Portugais.

192 1457 926 74 V. VIII. 5 Il semble, qu’il y ait ici une transposi¬

139 1508 949 68 tion de mots, et qu’il faille traduire ayant

139 1559 968 69 entendu aprés midi à la fraicheur etc. Les Sept.

146 1614 959 67 ont traduit sur le soir ; et ce sens a été ap¬

139 1670 951 67 prouvé de quelques Rabbins, parce que c’est

148 1719 940 70 sur le soir, que s’eleve un petit vent, qui

145 1768 957 68 rafraichit. Il y a dans l’Ebreu à la lettre:

145 1824 943 68 au vent du jour, ou comme il y a dans la

146 1868 961 82 version Espagnole de Ferrare al ayre del Dia.

866 1974 201 101 viendront
