1147 2096
173 59 935 78 vés que je vous ai enseigné les commandemens

173 97 900 88 et les loix, comme le Seigneur mon Dieu me

173 158 916 90 l'a ordonné; vous les pratiquerés de la même

183 214 895 103 maniere dans le pais que vous allés posseder,

47 274 1005 85 6 + et en les observant vous les accomplirés

183 335 871 80 effectivement; car c'est ce qui fera paroître

181 393 892 76 vôtre sagesse, et vôtre intelligence, devant les

174 452 929 78 peuples, afin qu'apprenant toutes ces ordonnan¬

187 511 900 81 ces, il disent: voilà un peuple sage et in¬

48 560 1025 101 7 telligent, c'est une nation grande. + Et il

183 611 892 108 n'y a point d'autre nation si grande, qui

180 689 904 90 dit des dieux 3 qui approchent d'elle, com¬

190 751 890 90 me nôtre Dieu approche de nous dans tou¬

69 815 1016 89 8 tes nos prieres. + Y a-t-il quelque autre

187 866 890 108 nation si celebre, qu'elle ait des ceremonies,

187 925 923 103 des ordonnances justes, et toute une loy, com¬

197 986 888 100 me celle que je vous mets aujourdhui et ayés

48 1048 1032 99 9 les yeux, + prenés donc bien garde et ayés

197 1116 855 94 un grand soin de ne pas oublier les choses

190 1185 876 81 que vos yeux ont vûes; qu'elles ne partent

195 1234 869 89 donc point de vôtre cœur tous les jours de

194 1287 862 103 vôtre vie; vous les enseignerés à vos fils,

55 1353 1027 91 10 et à vos petits fils. + Je veux dire les cho¬

174 1411 925 92 ses, que vous avés vûës depuis le jour que vous

164 1475 900 81 fûtes devant le Seigneur vôtre Dieu à Horeb,

183 1531 871 91 lorsque le Seigneur me dit: assembles moi

181 1594 887 88 le peuple, afin qu'il entende mes paroles, et

180 1659 877 77 qu'il apprenne à mes craindre tout le teḿs

185 1718 867 81 qu'il vivra sur la terre, et qu'il enseigne

27 1767 1034 96 11 ses enfans. + Vous vous approchâtes a¬

188 1825 878 85 lors du bas de la montagne dont le feu al¬

183 1917 867 74 V. VII 3 C. qui soient toûjours prêts à les secourir.
