1187 2155
35 68 1128 70 30 lieu, + que Jacob appella 8 Phanüel, en disant:

197 100 928 84 J’ai vû Dieu face à face, et 9 j’en ai échapé.

46 159 1081 88 31 + Il n'eut pas plûtôt passé Phanüel, qu'il vit

52 217 1075 88 32 lever le soleil; mais il demeura boiteux, + C'est

201 281 914 76 pour cela, que les Israëlites ne mangent point

201 337 950 86 jusqu'aujourd'hui le nerf qui secha en la cusse

197 396 939 90 de Jacob, parce que le nerf de sa cuisse ayant

194 452 437 75 été touche, se retira.

181 542 547 64 V. XXIX 5 C. Regard de Dieu.

287 583 831 76 9 Let. Mon ame est sauvée. C. Je ne suis

145 639 982 75 point mort, ils croyoient alorsqu'on ne pouvoit pas

151 693 803 77 vivre aprés avoir vû Dieu ou un ange.

368 777 554 135 Chapitre XXXIII.

62 883 1074 95 1 Or Jacob levant les yeux et voyant venir

208 953 934 79 Esau avec quatre cens hommes, separa les en¬

205 1002 926 80 fans de Lia, de Rachel, et des deux servantes:

55 1052 1051 86 2 + Il mit à la tête les deux servantes et leurs

210 1111 914 79 enfans; Lia avec ses enfans au second rang:

61 1165 1054 81 3 Rachel et Joseph derriere les autres. + et lui

205 1221 911 77 marchant devant eux, il se prosterna sept

196 1264 953 95 fois contre terre pour saluer son frere jusqu'à

64 1327 1070 86 4 ce qu’il fut proche de lui. + Alors Esau cou¬

188 1379 954 93 rut au devant de son frere pour l'embrasser,

196 1438 947 88 et lui serrant le coin, il le baisa en pleurant.

86 1497 1016 83 5 + et ayant levé ses yeux, il vit les femmes

185 1558 926 70 avec leurs enfans, et il dit à Jacob, qui sont

197 1601 923 69 ceux là, sont ils a vous? Jacob répondit: ce sont

199 1650 941 88 les enfans que Dieu a donnés à vôtre serviteur

84 1700 1043 90 6 + Les servantes s'étant approchées avec leurs

197 1759 943 88 enfans, le saluërent, se prosternant en terre.

75 1815 1041 81 7 + Lia s'approcha aussi avec ses enfans, et le

192 1869 939 77 salüerent de la même maniere. Joseph et Rachel

169 1952 942 71 V. I 1 S. Jerôme pretend aprés Aquila, que Jacob ne fit

133 1996 965 72 que deux bandes de son monde, et non pas trois comme

134 2038 527 84 quelques uns le croyoient.
