1079 2057
46 44 1005 101 6 ordonné, + et 6 il l'ensevelit dans la val¬

168 109 866 96 lée du pais de Moab, vis à vis de Phogor,

174 171 867 91 et personne n'a sçû jusqu'à present, où il

36 233 1018 85 7 a été enseveli. + Moyse étoit âgé de six

169 291 894 79 vingt ans, quand il mourut; sa vûe n'étoit

173 349 852 70 point diminüée, 6 et il avoit encore toutes

39 404 1009 75 8 ses dents. + Les Israëlites le pleurerent dans

166 469 868 74 les plaines de Moab l'espace de trente jours,

171 522 904 83 aprés lesquels les jours du düeil pour la mort

20 579 1034 113 9 de Moyse finirent. + Or Josüé fils de Nun

173 658 864 80 étoit rempli d'un esprit de sagesse parceque

174 725 899 75 Moyse lui avoit imposé les mains. Les Israë¬

174 786 875 79 lites lui obëirent, et firent ce que le Seigneur

24 851 1042 86 10 avoit commandé à Moyse. + Il n'y a point

193 918 870 79 eu dans la fuite parmi les Israëlites de Pro¬

188 982 861 75 phete semblable à Moyse, à qui le  Seigneur

180 1042 888 89 se soit fait connoître 7 face à face, et qui ait

181 1109 860 75 fait comme lui toute sorte de signes et de

183 1167 871 87 prodiger, pour lesquels il fut envoyé en

193 1234 861 79 Egypte afin de les faire devant Pharaon,

192 1321 871 69 V. VI 4 C. Le Seigneur, il y a dans les Sept. ils l'enseve¬

152 1357 920 96 lirent. C. les anges du ministere desquels Dieu se servit.

137 1422 929 71 On attribue souvent à Dieu dans l'Ecriture ce qu'il fait

140 1470 928 72 par d'autres. Peut étre y avoit il auparavant dans

149 1525 897 74 les Sept. ἐδαΨεν au singulier il ensevelit au lieu de

150 1582 656 72 ἐδαΨαν au plurier, ils l'ensevelirent.

188 1635 367 86 V. VII 5 Lett. Obscurcie.

262 1686 789 84 6. Le syriaque a traduit, il n'avoit aucune ride

157 1753 873 64 aux joües; mais on peut traduire sur l'Ebreu plus

150 1789 884 76 exactement: il n'avoit rien perdu de la beauté de son

149 1841 885 66 teint; comme s'il eut été encore aussi frais que

154 1890 345 74 dans sa jeunesse.

186 1938 851 81 V. X 7 C. si familierement en parlant luy même à

145 1997 88 54 lui.
