1211 2164
216 50 975 69 à toute l’assemblée des Israëlites, et leur di¬

207 93 944 90 tes: qu’au dixiême jour de ce mois chacun

209 151 937 99 prenne un agneau pour chaque famille, et

45 201 1120 114 4 pour chaque maison. + Mais s’il y a trop

207 277 946 94 peu de gens dans la maison pour manger

209 337 938 95 l’agneau, il prendra { chés son plus proche

203 398 959 88 voisin ce qu’il faut de gens pour le manger.

52 450 1110 98 5 + Cet agneau sera 3 un masle d’une année,

211 512 949 95 qui sera sans tâche: 4 vous observerés les

214 575 964 88 mêmes ceremonies, si vous prenés un chevreau,

68 623 1085 114 6 + Vous le garderés jusqu’au quatorziême jour

211 683 945 115 de ce mois, et toute l’assemblée des Israëlites

70 742 1070 118 7 l’immolera 5 sur le soir. + Ils prendront

216 809 946 108 de son sang, et ils en mettront sur les deux

214 881 928 90 posteaux, et sur le linteau des portes des

72 935 1074 98 8 maisons, où ils le mangeront; + et ils

223 1002 937 99 en mangeront cette nuit là la chair rostie

223 1065 915 92 au feu, et des pains sans levain, avec des

50 1114 1097 126 9 laitües sauvages. + Vous n’en mangerés rien

211 1226 969 74 V. V 3 C. Sain et entier comme signifie le mot Ebreu.

270 1274 922 78 4 Il y a dans l’Ebreu avec plus de netteté, que dans

191 1329 978 86 la vulg. vous prendrés cette beste d’entre les agneaux,

194 1388 376 72 ou d’entre les chevres

218 1428 942 84 V. VI 5 Il y a à la lettre dans l’Ebreu entre deux

185 1482 953 76 vespres. S. Jerome a fort bien traduit apres les

185 1523 962 89 Sept: sur le soir, ou au soir, et c’est même, comme il

189 1570 976 81 y a dans l’Ebreu au vers. 18. Les Juifs ne conviennent

194 1623 975 77 pas tout à fait entr’eux de ce mot de vespre. Les

200 1675 985 72 uns croyent qu’on appelle ainsi tout le teḿs de l’a¬

200 1723 974 64 pres midi, sitôt que le soleil tourne au couchant, d’au¬

196 1765 978 72 tres entendent veritablement le soir ou le coucher du

187 1817 939 76 soleil: ce qu’on nomme ici dans l’Ebreu entre

207 1866 980 87 deux vespres marque le teḿs, qui est un peu avant,

211 1918 685 69 et un peu aprés le coucher du soleil.

1003 2026 141 94 6 de cru
