1203 2241
18 72 1108 84 8 + Esau lui demanda: quelles sont ces troupes,

192 42 951 53 lui firent une profonde reverence les derniers.

186 128 929 81 que j’ai rencontrées ? Jacob lui répondit: Je

194 188 936 77 les auoit envoyées pour trouver grace devant

9 229 1160 94 9 mon Seigneur. + Mais Esau lui dit: J’ai beau¬

177 287 960 84 coup de bien, mon frere, gardés pour vous le

5 339 1113 83 10 vôtre. + Je vous prie, répondit Jacob, de

183 397 932 82 n’en user pas ainsi; mais si j’ai trouvé

179 459 954 73 grace auprés de vous, recevés de moi ce petit

175 517 964 78 present: car j’ai vû vôtre visage, comme si j'a¬

179 571 949 73 vois vû celui de Dieu. 2 Soyés moi favorable,

26 623 1109 77 11 + recevés ce present, que je vous ai destiné, et

175 677 975 83 que j’ai receu de Dieu, 3 qui donne toutes choses.

183 735 922 75 Esau prenant avec peine ce que son frere

28 784 1075 93 12 le pressoit de prendre, + lui dit: marchons

186 849 962 67 ensemble, et je vous accompagnerai dans vô-

28 892 1126 84 13 tre chemin. + Jacob répondit: vous sçavés que

183 954 960 82 j’ai de petits enfans, qui sont foibles, des brebis,

175 1008 966 78 et des vaches 4 pleines, si je les travaille trop dans

175 1068 958 74 la marche tous les troupeaux mourront 5 en un

39 1114 1107 94 14 seul jour. + que mon Seigneur marche devant

177 1172 990 97 son serviteur, et je le suivrai à petits pas se¬

177 1228 921 90 lonque je verrai que 6 mes petits enfans le

175 1288 949 77 pourront souffrir. Jusqu'à ce que j'arrive à

42 1337 1078 82 15 Seir chés mon seigneur. + Je vous prie, lui

164 1413 951 88 V.X. 2 Il y a dans le Syr. dans interpr. Arabe, Samar.

138 1456 1003 90 et dans l'Arabe d'Erpenius d’un ange; dans la pa¬

151 1508 981 81 raphr. Chald. de Princes, et dans la version Arabe de

143 1557 955 80 Saad. d'Illustres. Le mot de Dieu peut être interpreté

147 1592 988 94 de toutes ces manieres dans la langue Ebraique. En gar¬

145 1632 977 91 dant la premiere interpretation qui est la plus naturelle,

141 1677 970 89 le sens est: je suis autant rejoüi en vous voyant que

130 1725 992 92 si je voyois Dieu, ou un ange, c'est une de ces façons

145 1768 960 103 de parler hyperbolique qui sont si ordinaires aux

147 1818 652 79 Ebreux, et aux autres Orientaux.

233 1856 803 89 3 Ebr. Et vous m’avés reçû favorablement.

199 1895 585 88 V. XI 4 Ebr. parce que j'ai de tout.

205 1942 915 102 V. XIII 5 Autr. qui allaitent, car le mot de foetus, se

145 1987 843 100 prend aussi en ce sens là dans nôtre vulgate.

263 2037 840 91 6 Ces mots en un seul jour, se rapportent dans

145 2074 914 97 l'Ebreu à si je les travaille trop, et ce sens est plus net.

211 2110 928 108 V. XIV 7 Il y a dans l'Ebreu un mot general, qui signi¬
