1229 2236
425 3 585 166 Chapitre XXXVI

54 139 1104 108 1 Beseleel donc travailla avec Ooliab et

169 223 987 80 tous les habiles ouvriers auxquels le Seigneur

169 286 987 82 avoit donné de la sagesse, et de l’intelligence,

179 344 982 88 pour sçavoir faire avec addresse ce qui étoit

169 406 985 93 necessaire pour les usages du sanctuaire, et

44 460 1115 100 2 ce que le Seigneur avoit commandé. + Moyse

173 529 985 87 les ayant appellés avec tous les autres, qui

173 590 968 80 avoient de l’habileté, auxquels le Seigneur

165 646 1011 93 avoit donné de la sagesse, et qui s’étoient

179 711 958 93 offerts d’eux mêmes pour faire cet ouvrage;

37 771 1152 102 3 + Il leur mit entre les mains toutes les offran¬

177 840 966 86 des des Israëlites; et dans le temps qu’ils

167 903 987 93 travailloient, le peuple leur apportoit tous les

20 959 1138 103 4 jours au matin quelques presens. + C’est pour¬

20 1034 1130 87 5 quoi les ouvriers furent obligé + de venir dire

169 1090 996 91 à Moyse: le peuple donne plus qu’il n’est neces¬

29 1155 1121 85 6 saire. + Moyse donc commenda qu’on publiât

173 1224 992 80 à son de trompe, que personne tant hommes que

169 1289 974 76 femmes n’apportassent plus rien pour l’ouvrage

180 1345 966 80 du sanctuaire. Et ainsi l’on cessa d’apporter

29 1403 1123 96 7 des offrandes. + parceque celles qu’on avoit fai¬

31 1466 1121 91 8 tes étoient plus que suffisantes. + Tous ceux

175 1527 977 94 qui étoient habiles pour travailler au tabernacle,

171 1587 1005 99 firent dix rideaux de fil retors de fin lin, d’hya¬

188 1658 945 71 cinte, de pourpre, et d’écarlate teinte deux

184 1717 975 96 fois, 1où il y avoit diverses figures representées.

18 1775 1097 93 9 + La longueur de chaque rideau, étoit de 28

188 1831 962 97 coudées, et la largeur de quatre: tous les ri¬

9 1898 1136 82 10 deaux étoient d’une même mesure. + Il y a¬

197 1960 964 69 voit cinq de ces rideaux attachés ensemble,

193 2021 961 88 V. VIII 1 Il y a dans l’Ebreu le mot de cherubim: voyés ce¬

149 2081 997 76 qui a été remarqué la dessus au Chap. 26.V.1. Consultés

160 2126 600 80 aussi ce même Chapre sur la suite
