1165 2099
190 20 941 97 viendront d’elle: 6 elle te brisera la teste, et

54 83 1081 79 16 7 tu l’observeras pour lui mordre le talon + Dieu

194 129 946 96 dit aussi à la femme: je multiplierai les maux

187 181 953 111 de vôtre grossesse, vous accoucherés avec douleur,

183 230 957 109 et vous serés sous la puissance de vôtre mari,

54 288 1046 75 17 qui sera vôtre maître. + Il dit de plus

187 332 953 87 à Adam: pour avoir écouté la voix de vôtre

180 384 941 98 femme, et avoir mangé du fruit de l’arbre,

181 437 931 80 dont je vous avais commandé de ne point

176 486 936 85 manger, la terre sera maudite 8 a cause de ce

180 536 922 84 que vous avés fait ce que vous en recüeillires, et

180 594 911 75 vous ne le mangereés, qu’aprés un long travail

50 643 1064 72 18 pendant toute vôtre vie. + Elle vous produi¬

173 694 932 80 ra des épines, et des ronces, et vous mangerés

57 743 1050 75 19 l’herbe de la terre + Vous mangerés du pain

180 788 902 90 à la süeur de vôtre visage jusqu’à ce que

180 850 913 73 vous retourniés en la terre, d’où vous avés

181 893 901 90 été pris, parc que vous étes poussiere, et que

38 949 1067 77 20 vous retournerés en poussiére. + Adam donna

152 1044 922 84 V. XV 6 Ebr. poussiere, on lisoit aussi Ipsa dés le

129 1103 945 75 temps de St Augustin dans quelques exemplaires

129 1154 960 72 de l’ancienne vulgate. Les correcteurs de Rome

122 1210 962 66 ont conservé cette leçon dans nôtre vulgate, bien

129 1255 969 79 qu’on trouve ipse dans plusieurs commentaires la¬

127 1304 950 76 tins, et que St Jerôme ait aussi lû de la sorte

127 1357 969 66 dans l’ancienne vulgate. Selon cette leçon, qui

122 1406 967 63 est aussi celle du texte Ebreu, il faudroit tra¬

124 1464 936 61 duire : il te brisera, le pronom se rapportant

120 1506 938 54 à la posterité de la femme : mais selon la leçon

117 1548 950 73 d’aujourdhui on doit traduire elle te brisera,

118 1602 611 54 et le rapporter à la femme.

209 1645 861 74 7 Ebr. tu lui briseras le talon, ce qui s’entend

118 1698 940 66 de ceux, qui viendront de la femme, et non pas

120 1745 941 70 de la femme, parce que le pronom est au masculin

118 1792 279 58 dans l’Ebreu.

153 1836 903 70 V. XVII 8 Lett. en vôtre œuvre, comme si cela

124 1894 930 58 marquoit le travail, qu’on employe à labourer

113 1936 941 68 la terre ; mais il y a dans l’Ebreu à cause

111 1988 198 76 de vous.
