1193 2242
194 44 961 62 le nom 9 d’Eve à sa femme, parce qu’elle étoit

44 72 1081 86 21 la mere de tous les vivans. + Le Seigneur

200 132 918 71 Dieu 10fit aussi à Adam et à sa femme des

194 184 933 68 tuniques de peau, et il les en revestit.

46 231 1085 73 22 + Puis il dit: voilà qu’Adam est devenu

198 283 944 60 comme un de nous, connoissant le bien et le

200 330 946 73 mal: prenons donc garde, que portant sa

200 375 936 79 main à l’arbre de vie, il ne prenne de son

200 433 918 78 fruit, et qu’aprés en avoir mangé il ne

44 474 1087 88 23 vive éternellement. + Et le Seigneur Dieu

192 530 944 75 le fit sortir du Jardin de plaisir, afin qu’il

198 586 938 73 labourât la terre, de laquelle il avoit été tiré.

35 627 1120 96 24 + Et aprés en avoir chassé Adam, il mit 11 de¬

194 687 955 77 vant ce jardin 12 de plaisir pour garde le che¬

194 741 935 69 min, qui alloit à l’arbre de vie, des Cherubins

192 795 933 75 avc une espée 13 de flamme, qui se remüoit

192 848 447 69 de costé, et d’autre.

166 939 980 88 V. XX. 9 Le mot d’Eve signifie en Ebreu vie, com¬

147 1005 514 56 me ont traduit les Septante.

177 1044 946 82 V. XXI 10 Aaron Juif Caraite a observé, qu’il ne

158 1111 952 71 faut pas s’etonner de cette expression, parce que

136 1158 961 62 l’Ecriture a accoûtumé d’attribuer à Dieu toutes

142 1218 955 63 choses: et ainsi cela veut dire seulement que

142 1255 835 75 Dieu leur suggera de se faire des habits.

186 1309 915 71 V. XXIV 11 Plusieurs traduisent avec l’ancienne

147 1352 961 86 version syriaque, et les deux versions samaritaines

143 1406 217 62 à l’orient.

252 1451 342 79 12 Autre. d’Eden.

246 1505 875 101 13 Lettr. flamboyante, c. d. une flame enforme

145 1548 169 98 d’épée.

400 1660 347 90 Chapitre IV.

74 1737 1042 95 1 Or Adam connut sa femme, laquelle con¬

216 1804 879 75 ceut, et enfenta Cain, en dîsant : 1 J’ai eu

80 1847 1041 86 2 un homme 2avec l’aide de Dieu. + Elle ac¬

162 1915 959 117 V. I 1 Lett. J’ai possédé. Le verbe, qui est dans l’Ebreu,

143 1972 633 94 signifie aussi : j’ai mis au monde.

224 2029 469 95 2. Ebr. avec le Seigneur.

923 2180 155 60 coucha
