1215 2197
40 84 1107 115 11 + On fit aussi des œillets d’hyacinte sur

223 51 960 106 et les autres cinq tenoient aussi l’un à l’autre.

221 146 942 113 les deux costés du bord de chaque rideau, et

40 256 1110 111 12 rideau, + afin de les joindre ensemble, les

210 201 951 110 l’on fit la même chose sur le bord de l’autre

38 320 1149 104 13 œillets, etant les uns contre les autres. + C’est

214 386 927 93 pourquoi l’on fit fondre cinquante anneaux

221 435 933 99 d’or, pour passer dans les œillets des rideaux,

58 503 1094 86 14 et pour ne faire qu’un seul tabernacle. + Ils

214 560 935 100 firent de plus onze couverture de poils de

219 626 946 104 chevres pour couvrir le haut du tabernacle.

53 695 1097 88 15 + Chacune de ces couvertures étoit longue de

223 752 920 99 trente coudées, et large de quatre; et elles

49 818 1090 88 16 étoient toutes d’une même mesure. + On

223 878 922 97 en prit cinq qu’on joignit ensemble, et les

208 941 937 98 six autres furent aussi jointes separement.

60 1010 1087 84 17 Ils firent aussi cinquante œillets sur le

219 1069 913 84 bord d’une de ces couvertures, et cinquante

218 1124 934 95 sur le bord de l’autre, afin qu’on les atta¬

64 1191 1064 90 18 chât ensemble. + Ils firent cinquante

214 1257 927 79 crochets d’airin afin de joindre ces couver¬

219 1314 908 97 tures ensemble, et que de toutes il ne s’en

51 1378 1079 92 19 fît qu’une seule. + Ils firent encore

218 1444 909 79 au tabernacle une couverture de peaux

223 1503 909 84 de mouton teintes en rouge, et par dessus

223 1563 887 93 celle là, une quatriême de peaux teintes

58 1627 1094 95 20 en violet. + Ils firent aussi pour le taber¬

232 1695 935 73 nacle des ais de bois de Setim, qui étoient

56 1746 1072 99 21 dressés debout. + Chaque ais étoit long

232 1818 884 82 de dix coudées, et large d’une coudée et

56 1882 1074 93 22 demie. + Il y avoit deux entaillemens

229 1948 890 89 à chaque ais pour emboiter l’un dans

230 2004 889 90 l’autre: et l’on fit de même à tous les

76 2070 1076 88 23 ais du tabernacle. + Il y en avoit vingt
