1205 2108
202 21 981 96 6 de cru ni de cuit dans l’eau, mais seulement

212 82 927 86 rosti au feu, vous en mangerés la tête, les

66 147 1063 84 10 pieds, et les intestins. + On n’en reservera

209 203 960 83 rien pour le lendemain matin; s’il en reste

65 259 1101 97 11 quelque chose, vous le brûlerés au feu. + Voi¬

218 321 955 81 ci de quelle maniere vous le mangerés:

214 382 939 80 vous aurés les reins ceints, et vos souliers à vos

204 439 911 95 pieds avec un baston à la main, et vous

219 498 908 92 mangerés à la haste: car c’est la Pasque

68 555 1057 101 12 7 (c'est-à-dire, le passage) du Seigneur. + Et

212 618 915 89 cette nuit là je passerai par l’Egypte, où je

182 676 966 103 frapperai tous les premiers nés, tant des hom¬

204 737 953 83 mes, que des bestes; et je ferai un jugement de

212 790 924 88 tous les dieux de l’Egypte: je suis le Seigneur.

63 844 1069 109 13 + Or le sang vous servira de signe étant sur

209 913 918 95 les maîsons où vous serés, et en voyant ce

184 967 971 109 sang, je passerai outre, et vous ne serés frap¬

202 1029 941 93 pés d’aucune playe mortelle, lorsque j’en

66 1089 1086 107 14 frapperai toute l’Egypte. + Vous ferés memoi¬

214 1157 896 83 re de ce jour, que vous celebrerés de pere en

200 1212 911 94 fils 8 par un culte perpetuël, comme une feste

58 1271 1103 97 15 solennelle au Seigneur. + Pendant sept jours,

221 1335 920 80 vous mangerés du pain sans levain, dés le premier

219 1396 892 74 jour vous n’aurés point de pain levé dans

221 1452 943 62 vos maisons; quiconque en aura mangé de¬

197 1528 921 68 V. IX 6 C. qu’on aura seulement presenté au feu, ou

179 1570 480 67 qui ne sera qu’à demi cuit.

211 1609 937 77 V. XI 7 S. Jerôme a ajouté sa version l’Interpretation

182 1663 957 70 du mot de Pasque; et en effet ce mot signifie propre¬

175 1705 931 76 ment sauter ou passer par-dessus, parce que l’Ange

177 1753 957 72 exterminateur passoit les maisons des Israëlites sans

168 1805 257 60 y rien faire.

226 1846 901 59 V. XIV 8 Autr. par une loy éternelle perpetuëlle;

175 1881 956 72 Ce mot de perpetüel ou eternel, comme il y a dans la

181 1921 941 79 vulg. ne signifie souvent dans l’Ecriture qu’une chose

181 1972 452 78 qui doit durer longtems.
