<?xml version="1.0" encoding="UTF-8"?>
<alto xmlns:xsi="http://www.w3.org/2001/XMLSchema-instance"
      xmlns="http://www.loc.gov/standards/alto/ns-v4#"
      xsi:schemaLocation="http://www.loc.gov/standards/alto/ns-v4# http://www.loc.gov/standards/alto/v4/alto-4-2.xsd">
  <Description>
    <MeasurementUnit>pixel</MeasurementUnit>
    <sourceImageInformation>
      <fileName>0012_Blatt.055_2.jpg</fileName>
      
    </sourceImageInformation>
  </Description>
  
  <Tags>
    <OtherTag ID="BT1573" LABEL="RunningTitle" DESCRIPTION="block type RunningTitle"/><OtherTag ID="BT1574" LABEL="MarginTextZone:apparatus" DESCRIPTION="block type MarginTextZone:apparatus"/><OtherTag ID="BT1575" LABEL="MainZone" DESCRIPTION="block type MainZone"/><OtherTag ID="BT1576" LABEL="QuireMarksZone" DESCRIPTION="block type QuireMarksZone"/><OtherTag ID="BT1577" LABEL="NumberingZone" DESCRIPTION="block type NumberingZone"/>
    <OtherTag ID="LT605" LABEL="DefaultLine" DESCRIPTION="line type DefaultLine"/><OtherTag ID="LT606" LABEL="HeadingLine" DESCRIPTION="line type HeadingLine"/>
  </Tags>
  
  <Layout>
    <Page WIDTH="1153"
          HEIGHT="2181"
          PHYSICAL_IMG_NR="11"
          ID="eSc_dummypage_">
      <PrintSpace HPOS="0"
                  VPOS="0"
                  WIDTH="1153"
                  HEIGHT="2181">
        
        <TextBlock HPOS="13"
                   VPOS="27"
                   WIDTH="1124"
                   HEIGHT="948"
                   ID="eSc_textblock_9ebdf24f"
                   TAGREFS="BT1575">
          <Shape><Polygon POINTS="13 27 13 975 1137 975 1137 27"/></Shape>
          
          
          <TextLine ID="r3l1"
                    TAGREFS="LT605"
                    BASELINE="183 76 229 77 275 78 322 78 368 78 415 78 461 77 507 77 554 76 600 76 647 76 693 76 739 75 786 76 832 76 879 77 925 78 971 80 1018 82 1064 84 1122 91" 
                    HPOS="180"
                    VPOS="49"
                    WIDTH="940"
                    HEIGHT="61">
            <Shape><Polygon POINTS="1107 50 1089 50 1071 50 1052 50 1034 50 1016 50 998 50 980 50 962 50 943 50 925 50 907 50 889 50 871 50 852 50 834 50 816 50 798 50 780 50 761 50 743 50 725 50 707 50 689 50 671 50 652 50 634 50 616 50 598 50 580 50 561 49 543 49 525 49 507 49 489 49 471 49 452 49 434 49 416 49 398 49 380 49 361 49 343 49 325 49 307 49 289 49 270 49 252 49 234 49 216 49 198 49 181 49 181 74 180 90 309 96 310 96 312 96 314 96 318 92 330 81 363 92 381 98 383 98 385 98 418 92 438 89 443 92 452 99 454 99 456 99 458 101 520 101 520 99 554 92 592 85 732 85 771 87 778 94 792 105 794 105 796 105 798 105 858 94 894 107 896 107 898 107 900 107 902 107 902 105 914 94 916 92 920 94 945 109 947 109 949 109 951 110 976 110 976 109 978 109 980 109 980 107 994 94 998 94 1098 103 1100 103 1102 103 1118 94 1120 90 1120 50 1107 50"/></Shape>
	    <String CONTENT="répondit Esau, qu’au moins il reste quelques uns"
                    HPOS="180"
                    VPOS="49"
                    WIDTH="940"
                    HEIGHT="61"></String>
          </TextLine>

          
          
          <TextLine ID="r3l2"
                    TAGREFS="LT605"
                    BASELINE="180 126 226 127 273 129 319 130 366 130 412 131 459 131 505 132 552 132 598 132 645 132 691 133 738 133 784 133 831 134 877 135 924 135 970 137 1017 138 1063 140 1110 142" 
                    HPOS="176"
                    VPOS="79"
                    WIDTH="933"
                    HEIGHT="79">
            <Shape><Polygon POINTS="176 143 223 136 420 147 511 150 512 150 514 150 523 147 536 139 541 147 545 149 545 150 547 150 549 150 551 150 552 150 560 147 567 143 589 147 627 152 629 152 631 152 632 152 638 147 643 141 661 147 689 154 691 154 692 154 774 147 802 145 809 147 836 156 838 156 840 156 842 156 843 156 843 154 852 147 854 145 898 145 932 147 1052 158 1054 158 1107 147 1109 141 1109 105 1071 94 1069 94 1067 94 1025 103 1011 107 1007 103 992 92 991 92 989 92 987 92 947 101 931 105 914 101 882 90 880 90 840 90 838 90 836 90 834 90 825 98 818 103 782 96 752 92 751 92 731 96 692 101 671 94 658 89 656 89 654 89 652 89 651 89 645 92 634 99 521 89 507 89 505 89 503 89 481 98 441 98 429 87 425 83 423 83 421 83 420 83 418 83 407 85 385 92 378 85 374 83 374 81 372 81 370 81 369 81 330 83 212 92 180 79 178 125 176 143"/></Shape>
	    <String CONTENT="de mes gens pour vous accompagner dans le"
                    HPOS="176"
                    VPOS="79"
                    WIDTH="933"
                    HEIGHT="79"></String>
          </TextLine>

          
          
          <TextLine ID="r3l3"
                    TAGREFS="LT605"
                    BASELINE="176 181 222 182 269 183 315 184 362 184 409 185 455 185 502 185 549 185 595 185 642 185 689 185 735 186 782 186 829 187 875 188 922 188 969 190 1015 192 1062 194 1109 196" 
                    HPOS="172"
                    VPOS="132"
                    WIDTH="935"
                    HEIGHT="80">
            <Shape><Polygon POINTS="411 132 409 132 381 145 378 147 350 145 225 136 223 136 174 143 174 179 172 192 316 198 318 198 338 194 367 189 396 194 438 203 440 203 441 203 443 203 454 194 461 190 471 194 487 201 489 201 491 201 561 196 563 196 572 203 572 205 574 205 576 205 578 205 683 196 712 194 721 196 758 209 760 209 761 209 763 209 792 196 794 196 809 209 811 209 812 209 814 209 816 209 842 198 845 196 847 198 872 207 874 207 876 207 878 207 880 207 891 198 958 198 969 207 969 209 971 209 972 209 974 209 976 209 978 209 989 199 1023 212 1025 212 1027 212 1105 198 1107 194 1107 149 1096 143 1094 143 1092 143 1091 143 1076 150 1065 156 1000 150 911 141 909 141 907 141 905 141 905 143 898 149 894 152 891 149 880 139 878 139 876 139 874 139 872 139 871 139 856 149 851 152 838 149 809 139 807 139 805 139 803 139 787 149 782 150 769 149 718 138 716 138 714 138 712 138 701 149 694 152 656 147 620 143 618 143 616 143 614 143 609 147 605 149 603 147 598 143 598 141 596 141 594 141 592 141 556 147 529 150 501 147 412 132 411 132"/></Shape>
	    <String CONTENT="chemin. Il n’en est point besoin, dit Jacob:"
                    HPOS="172"
                    VPOS="132"
                    WIDTH="935"
                    HEIGHT="80"></String>
          </TextLine>

          
          
          <TextLine ID="r3l4"
                    TAGREFS="LT605"
                    BASELINE="186 233 232 234 278 235 325 236 371 236 418 236 464 236 511 236 557 236 604 236 650 236 696 236 743 236 789 236 836 237 882 237 929 239 975 240 1022 241 1068 243 1115 246" 
                    HPOS="183"
                    VPOS="183"
                    WIDTH="931"
                    HEIGHT="82">
            <Shape><Polygon POINTS="398 185 396 185 394 185 381 190 369 196 345 189 327 183 312 183 185 185 185 232 183 250 300 256 301 256 303 256 305 256 307 252 316 247 352 254 378 258 380 258 381 258 396 254 429 247 463 256 478 258 480 258 494 256 556 243 709 243 721 258 721 259 723 259 725 259 727 259 729 259 731 259 740 250 756 259 758 259 760 259 761 259 769 259 847 247 867 261 872 265 874 265 876 265 878 265 880 265 889 261 905 252 942 261 956 265 958 265 960 265 962 265 969 261 994 250 1111 263 1114 245 1114 207 1042 194 1040 194 994 203 985 205 974 203 927 192 925 192 872 201 852 203 738 203 734 198 725 190 725 189 723 189 721 189 720 189 640 196 592 199 578 194 560 187 558 187 556 187 469 192 429 194 418 190 400 185 398 185"/></Shape>
	    <String CONTENT="Il suffit seulement, mon Seigneur, que je trouve"
                    HPOS="183"
                    VPOS="183"
                    WIDTH="931"
                    HEIGHT="82"></String>
          </TextLine>

          
          
          <TextLine ID="r3l5"
                    TAGREFS="LT605"
                    BASELINE="34 300 233 292 278 292 324 292 369 292 414 292 460 291 505 291 550 290 596 290 641 289 686 289 732 289 777 288 822 289 868 289 913 290 958 291 1004 293 1049 294 1104 303" 
                    HPOS="30"
                    VPOS="236"
                    WIDTH="1073"
                    HEIGHT="83">
            <Shape><Polygon POINTS="994 241 978 241 969 248 962 252 882 252 878 248 865 238 849 238 831 236 812 236 794 236 791 236 731 245 718 236 703 236 685 236 683 236 681 236 680 236 680 238 669 248 665 250 661 248 647 236 631 236 629 236 605 248 589 256 571 248 545 236 540 236 521 236 503 236 492 236 447 238 445 238 443 238 443 239 434 247 396 236 394 236 392 236 391 236 389 236 372 248 356 259 340 248 325 238 323 238 321 238 320 238 318 238 294 248 269 259 223 259 198 248 181 239 180 239 178 239 176 239 174 239 163 248 141 265 118 265 96 248 89 241 87 241 85 241 83 241 30 247 32 299 34 316 60 305 130 305 167 316 183 319 185 319 187 319 189 319 190 319 190 318 194 314 205 305 236 314 238 314 240 314 241 314 309 303 329 314 338 318 340 318 341 318 361 314 418 299 436 308 438 308 440 308 512 299 571 308 572 308 574 308 576 308 576 307 587 298 760 303 761 303 763 303 765 303 776 296 792 308 792 310 794 310 796 310 798 310 807 310 869 301 942 308 945 308 947 308 949 308 971 298 1102 307 1103 301 1102 248 1016 248 1014 248 1005 241 994 241"/></Shape>
	    <String CONTENT="16 grace auprés de vous. + Ainsi Esau s’en re¬"
                    HPOS="30"
                    VPOS="236"
                    WIDTH="1073"
                    HEIGHT="83"></String>
          </TextLine>

          
          
          <TextLine ID="r3l6"
                    TAGREFS="LT605"
                    BASELINE="179 346 225 345 271 344 317 344 363 343 409 343 455 342 501 342 547 342 593 342 639 342 685 342 731 342 777 342 823 342 869 342 915 342 961 342 1007 342 1053 341 1113 346" 
                    HPOS="176"
                    VPOS="290"
                    WIDTH="936"
                    HEIGHT="69">
            <Shape><Polygon POINTS="1031 294 1012 294 994 292 976 292 958 292 947 290 912 307 865 290 863 290 862 290 860 290 858 290 858 292 840 308 809 308 763 290 761 290 760 290 758 290 756 290 756 292 740 308 691 308 676 294 676 292 674 292 672 292 671 292 669 292 667 292 667 294 660 301 649 292 649 290 647 290 645 290 631 290 612 290 594 290 589 290 587 290 585 290 583 290 567 303 489 290 485 292 471 292 441 307 401 292 394 292 389 292 358 308 178 308 178 345 176 358 309 350 381 358 398 359 400 359 411 358 449 350 461 358 463 359 465 359 467 359 469 359 483 358 523 350 558 356 574 359 576 359 601 356 643 350 725 356 803 359 805 359 1111 350 1112 345 1111 308 1072 308 1045 294 1031 294"/></Shape>
	    <String CONTENT="tourna ce jour là même à Seïr par le chemin"
                    HPOS="176"
                    VPOS="290"
                    WIDTH="936"
                    HEIGHT="69"></String>
          </TextLine>

          
          
          <TextLine ID="r3l7"
                    TAGREFS="LT605"
                    BASELINE="36 411 219 399 267 397 316 396 364 395 412 394 461 394 509 394 557 394 606 394 654 394 703 394 751 394 799 393 848 393 896 393 944 392 993 391 1041 390 1108 403" 
                    HPOS="32"
                    VPOS="341"
                    WIDTH="1075"
                    HEIGHT="87">
            <Shape><Polygon POINTS="994 343 978 343 960 350 883 343 882 343 814 354 803 345 803 343 802 343 800 343 794 343 776 343 758 343 740 343 721 343 703 343 685 343 676 343 629 354 612 343 594 343 587 343 531 361 511 343 509 343 507 343 505 343 503 343 438 359 401 345 400 345 329 345 327 345 238 348 236 348 234 348 216 363 187 358 185 358 183 358 181 358 181 359 169 370 169 372 76 372 61 361 61 359 60 359 58 359 56 359 54 359 32 370 34 410 34 416 101 412 110 418 123 427 125 427 127 427 129 428 181 428 181 427 183 427 203 416 218 408 454 410 456 410 458 410 481 401 514 412 521 414 523 414 525 414 527 414 538 412 583 399 621 410 627 412 629 412 631 412 632 412 636 410 661 398 674 410 676 410 676 412 678 412 680 412 681 412 772 410 774 410 780 408 811 396 878 407 891 408 892 408 903 407 949 396 974 405 976 405 978 405 1105 403 1107 401 1105 348 1023 348 1011 341 994 343"/></Shape>
	    <String CONTENT="17 qu’il étoit venu, + et Jacob vint à Socoth"
                    HPOS="32"
                    VPOS="341"
                    WIDTH="1075"
                    HEIGHT="87"></String>
          </TextLine>

          
          
          <TextLine ID="r3l8"
                    TAGREFS="LT605"
                    BASELINE="181 460 228 460 275 460 322 459 370 459 417 458 464 457 512 455 559 454 606 452 654 451 701 449 748 448 795 447 843 446 890 445 937 445 985 445 1032 445 1079 446 1127 447" 
                    HPOS="178"
                    VPOS="390"
                    WIDTH="947"
                    HEIGHT="84">
            <Shape><Polygon POINTS="1060 394 1058 394 1032 390 1014 390 996 390 978 392 960 392 942 392 923 392 905 392 887 394 869 394 851 394 832 394 814 394 798 394 767 418 765 418 716 403 714 403 712 403 711 403 709 403 709 405 694 418 694 419 603 419 601 419 578 403 576 403 574 403 572 403 571 403 525 419 505 401 505 399 503 399 501 399 416 396 414 396 365 398 363 398 361 398 361 399 334 423 334 425 178 425 180 459 180 472 241 463 327 472 361 474 363 474 365 474 372 470 396 459 469 459 580 467 581 467 583 467 585 467 594 458 609 468 612 470 614 470 616 470 618 470 734 468 736 468 741 467 771 454 863 454 880 465 882 467 883 467 885 467 887 467 900 465 958 452 989 463 992 465 994 465 996 465 998 465 1000 465 1002 463 1022 450 1123 461 1125 445 1123 410 1109 403 1107 403 1105 403 1103 403 1102 403 1089 412 1062 394 1060 394"/></Shape>
	    <String CONTENT="où ayant bâti une maison, et dressé ses tentes,"
                    HPOS="178"
                    VPOS="390"
                    WIDTH="947"
                    HEIGHT="84"></String>
          </TextLine>

          
          
          <TextLine ID="r3l9"
                    TAGREFS="LT605"
                    BASELINE="185 510 231 511 278 512 325 512 371 512 418 511 465 511 511 510 558 509 605 508 652 506 698 505 745 504 792 504 838 503 885 502 932 502 978 502 1025 502 1072 503 1129 515" 
                    HPOS="181"
                    VPOS="448"
                    WIDTH="946"
                    HEIGHT="79">
            <Shape><Polygon POINTS="681 450 680 450 678 450 669 458 658 450 656 450 641 450 625 463 612 472 576 472 571 463 558 452 547 454 529 454 511 454 492 456 474 456 456 458 438 458 420 458 412 458 403 465 400 468 183 468 183 508 181 521 580 525 581 525 583 525 585 525 585 523 596 512 689 512 743 525 745 525 747 525 749 525 776 514 920 514 1082 514 1122 527 1127 514 1125 459 1080 467 1067 459 1052 450 1051 450 1049 450 1047 450 983 459 982 459 936 450 934 450 932 450 931 450 918 461 905 470 894 461 883 450 883 448 882 448 880 448 776 448 774 448 772 448 771 448 756 459 683 450 681 450"/></Shape>
	    <String CONTENT="il nomma ce lieu là Socoth, 8 c’est à dire tentes."
                    HPOS="181"
                    VPOS="448"
                    WIDTH="946"
                    HEIGHT="79"></String>
          </TextLine>

          
          
          <TextLine ID="r3l10"
                    TAGREFS="LT605"
                    BASELINE="42 575 226 565 273 564 320 564 366 563 413 563 460 563 506 562 553 562 600 562 647 561 693 561 740 561 787 560 833 560 880 560 927 559 973 559 1020 558 1067 557 1114 557" 
                    HPOS="40"
                    VPOS="503"
                    WIDTH="1072"
                    HEIGHT="84">
            <Shape><Polygon POINTS="1092 507 956 508 914 503 911 503 892 503 874 503 856 503 847 503 836 512 832 516 792 516 789 514 774 505 765 505 756 505 749 512 696 505 694 505 692 505 691 505 691 507 678 517 674 517 640 505 638 507 620 507 601 508 589 508 549 519 521 510 511 510 492 510 474 510 456 512 443 512 434 519 403 512 401 512 383 512 365 512 347 512 329 512 310 512 292 512 274 512 272 512 270 512 269 512 269 514 267 514 261 521 252 514 250 514 249 514 247 514 187 523 178 516 176 516 174 516 172 516 170 516 118 530 92 537 40 534 41 574 41 587 274 576 340 576 352 581 360 587 361 587 363 587 365 587 367 587 378 581 394 572 503 577 581 581 583 581 711 574 712 574 714 574 714 572 716 572 723 565 749 572 771 576 772 576 1112 561 1112 556 1109 510 1092 507"/></Shape>
	    <String CONTENT="18 + et il vint à 9 Salem ville des Sichimites, qui"
                    HPOS="40"
                    VPOS="503"
                    WIDTH="1072"
                    HEIGHT="84"></String>
          </TextLine>

          
          
          <TextLine ID="r3l11"
                    TAGREFS="LT605"
                    BASELINE="183 621 229 621 275 621 322 621 368 621 415 620 461 620 508 619 554 619 601 618 647 617 693 617 740 616 786 615 833 615 879 614 926 614 972 614 1019 614 1065 614 1112 614" 
                    HPOS="180"
                    VPOS="559"
                    WIDTH="931"
                    HEIGHT="80">
            <Shape><Polygon POINTS="907 559 889 559 871 561 852 561 834 561 825 561 818 568 778 568 741 561 725 561 707 561 689 561 676 561 603 572 585 574 580 572 560 563 543 563 525 563 507 563 489 563 472 563 452 574 451 574 427 563 416 563 400 563 381 574 378 576 370 574 336 563 325 563 309 563 290 574 287 576 280 574 238 565 234 565 216 565 198 565 180 572 181 619 183 639 210 630 370 636 412 637 414 637 431 636 478 628 538 634 565 636 567 636 1109 623 1111 612 1109 568 912 559 907 559"/></Shape>
	    <String CONTENT="est dans le pais de Chanaan, en retournant"
                    HPOS="180"
                    VPOS="559"
                    WIDTH="931"
                    HEIGHT="80"></String>
          </TextLine>

          
          
          <TextLine ID="r3l12"
                    TAGREFS="LT605"
                    BASELINE="175 673 221 673 268 674 314 673 361 673 408 673 454 672 501 671 547 671 594 670 641 669 687 669 734 668 780 668 827 668 874 668 920 668 967 669 1013 670 1060 671 1107 673" 
                    HPOS="174"
                    VPOS="619"
                    WIDTH="931"
                    HEIGHT="69">
            <Shape><Polygon POINTS="174 672 174 688 1105 688 1105 672 1103 619 174 625 174 672"/></Shape>
	    <String CONTENT="de Mesopotamie, qui est en Syrie, et il habita"
                    HPOS="174"
                    VPOS="619"
                    WIDTH="931"
                    HEIGHT="69"></String>
          </TextLine>

          
          
          <TextLine ID="r3l13"
                    TAGREFS="LT605"
                    BASELINE="42 735 223 725 271 725 319 725 367 725 415 725 463 725 510 725 558 726 606 726 654 726 702 726 750 726 798 727 845 727 893 728 941 728 989 729 1037 730 1085 731 1133 732" 
                    HPOS="40"
                    VPOS="668"
                    WIDTH="1092"
                    HEIGHT="91">
            <Shape><Polygon POINTS="1094 672 1076 672 1058 672 1040 670 1022 670 1011 670 985 674 971 670 967 670 949 668 931 668 912 668 911 668 887 677 883 677 876 677 809 668 803 668 785 668 738 679 736 679 709 668 694 668 676 670 658 670 640 670 621 670 603 670 585 670 567 670 549 670 541 670 520 683 516 685 514 683 492 672 491 672 476 672 458 672 440 672 421 672 403 674 401 674 378 685 372 688 369 685 358 677 356 677 354 677 352 677 294 687 272 690 267 687 254 676 252 676 250 676 209 676 207 676 143 690 120 694 40 692 41 734 43 757 83 741 134 741 150 756 150 757 152 757 154 757 156 759 180 759 180 757 181 757 183 757 185 756 203 739 260 739 280 754 281 756 283 756 285 756 287 756 289 756 290 756 292 754 320 737 360 745 361 745 363 745 383 734 551 732 571 745 572 745 574 745 576 745 667 736 681 746 683 746 685 746 687 746 692 746 752 734 782 743 783 743 785 743 1132 737 1132 730 1131 674 1094 668 1094 672"/></Shape>
	    <String CONTENT="prés de la ville. + Il acheta des enfans d&#39;He¬"
                    HPOS="40"
                    VPOS="668"
                    WIDTH="1092"
                    HEIGHT="91"></String>
          </TextLine>

          
          
          <TextLine ID="r3l14"
                    TAGREFS="LT605"
                    BASELINE="185 781 230 781 275 781 320 781 366 781 411 780 456 780 502 780 547 779 592 779 638 778 683 778 728 778 773 778 819 779 864 779 909 780 955 781 1000 783 1045 785 1091 787" 
                    HPOS="181"
                    VPOS="725"
                    WIDTH="908"
                    HEIGHT="80">
            <Shape><Polygon POINTS="1056 730 1038 730 1020 730 1002 730 996 728 922 737 916 737 914 737 891 728 874 728 871 728 862 736 847 728 838 728 820 728 802 728 783 727 765 727 760 727 749 736 692 727 692 727 674 727 656 727 641 727 587 734 572 727 565 727 547 725 529 725 511 725 492 725 474 725 456 725 443 725 414 734 400 725 383 725 365 725 361 725 321 734 183 734 183 779 181 792 285 799 287 799 289 799 307 794 334 788 411 796 414 796 416 796 420 796 543 786 580 799 583 799 585 799 587 799 589 799 591 799 623 786 636 799 638 799 638 801 640 801 641 801 643 801 645 801 649 799 672 788 696 799 703 803 705 803 707 803 709 803 718 801 756 788 851 788 1085 805 1089 786 1089 739 1063 730 1056 730"/></Shape>
	    <String CONTENT="mor pere de Sichem, une partie du champ,"
                    HPOS="181"
                    VPOS="725"
                    WIDTH="908"
                    HEIGHT="80"></String>
          </TextLine>

          
          
          <TextLine ID="r3l15"
                    TAGREFS="LT605"
                    BASELINE="185 834 231 834 277 834 323 834 370 833 416 833 462 833 509 832 555 832 601 831 648 831 694 831 740 831 786 831 833 831 879 832 925 833 972 834 1018 835 1064 837 1111 839" 
                    HPOS="183"
                    VPOS="779"
                    WIDTH="926"
                    HEIGHT="75">
            <Shape><Polygon POINTS="983 781 965 781 947 781 929 781 911 781 892 779 874 779 856 779 843 779 842 779 840 779 838 779 822 790 814 794 798 790 758 779 747 779 741 779 720 788 709 792 698 788 676 779 674 779 656 779 649 779 576 786 560 786 547 785 512 779 511 779 492 781 491 781 487 785 483 786 481 785 476 781 474 781 456 781 438 781 420 781 401 781 383 781 376 781 369 783 334 792 214 792 189 781 183 781 183 832 183 850 230 839 391 850 392 850 394 850 425 839 485 852 489 852 491 852 496 852 607 841 734 852 736 852 798 841 1105 854 1109 837 1107 796 1014 796 1011 794 992 781 983 781"/></Shape>
	    <String CONTENT="où il avoit dressé ses tentes cens 10 agneaux,"
                    HPOS="183"
                    VPOS="779"
                    WIDTH="926"
                    HEIGHT="75"></String>
          </TextLine>

          
          
          <TextLine ID="r3l16"
                    TAGREFS="LT605"
                    BASELINE="43 890 178 885 275 885 320 884 366 884 411 883 456 883 501 882 547 882 592 881 637 881 682 881 728 881 773 881 818 881 863 882 909 882 954 883 999 884 1044 885 1090 886" 
                    HPOS="40"
                    VPOS="832"
                    WIDTH="1049"
                    HEIGHT="76">
            <Shape><Polygon POINTS="931 834 929 832 882 832 876 832 858 832 840 832 822 832 803 832 785 832 767 832 763 832 734 841 732 841 731 841 709 832 694 832 676 841 674 841 672 841 625 832 621 832 605 832 572 841 567 843 558 843 509 834 507 834 505 834 503 834 503 836 496 843 494 845 425 845 423 843 411 834 403 834 396 834 374 841 252 834 250 834 249 834 221 845 220 845 209 836 207 836 205 836 203 836 201 836 200 836 200 837 190 845 183 837 181 837 180 837 178 837 40 845 41 888 43 908 92 896 189 906 190 906 192 906 194 906 210 896 325 905 327 905 403 892 438 903 440 903 441 903 443 903 478 890 611 890 636 899 638 899 640 899 736 890 785 899 787 899 991 897 992 897 994 897 1009 886 1085 897 1089 885 1087 839 932 834 931 834"/></Shape>
	    <String CONTENT="20 + et ayant élevé en ce lieu là un autel, 11 il"
                    HPOS="40"
                    VPOS="832"
                    WIDTH="1049"
                    HEIGHT="76"></String>
          </TextLine>

          
          
          <TextLine ID="r3l17"
                    TAGREFS="LT605"
                    BASELINE="181 939 219 941 258 942 296 942 335 943 373 943 412 942 450 942 489 941 527 941 566 940 604 939 643 938 681 937 720 936 758 936 797 935 835 935 874 935 912 935 951 935" 
                    HPOS="178"
                    VPOS="881"
                    WIDTH="771"
                    HEIGHT="78">
            <Shape><Polygon POINTS="814 881 796 881 792 881 785 888 774 881 760 881 741 881 723 881 705 881 689 881 660 890 656 890 652 890 620 881 614 881 596 881 578 881 574 881 534 886 505 883 505 883 487 883 469 883 467 883 454 892 452 892 438 892 356 885 341 885 327 885 320 892 320 894 241 894 229 894 210 885 196 885 178 892 180 937 181 959 207 950 947 950 949 934 947 888 831 881 814 881"/></Shape>
	    <String CONTENT="y invoqua le Dieu tres fort d&#39;Israël."
                    HPOS="178"
                    VPOS="881"
                    WIDTH="771"
                    HEIGHT="78"></String>
          </TextLine>

          
        </TextBlock>
        
        <TextBlock HPOS="88"
                   VPOS="987"
                   WIDTH="1052"
                   HEIGHT="650"
                   ID="eSc_textblock_09c17b42"
                   TAGREFS="BT1574">
          <Shape><Polygon POINTS="88 987 88 1637 1140 1637 1140 987"/></Shape>
          
          
          <TextLine ID="r3l18"
                    TAGREFS="LT605"
                    BASELINE="124 1037 184 1027 232 1025 280 1024 328 1023 376 1022 424 1022 472 1022 520 1022 568 1022 616 1023 663 1023 711 1023 759 1024 807 1024 855 1024 903 1024 951 1023 999 1023 1047 1022 1095 1021" 
                    HPOS="121"
                    VPOS="946"
                    WIDTH="973"
                    HEIGHT="111">
            <Shape><Polygon POINTS="123 1035 127 1057 140 1046 200 1054 216 1055 218 1055 220 1055 225 1054 249 1045 283 1052 296 1054 298 1054 300 1054 301 1054 303 1050 316 1043 354 1050 372 1052 374 1052 471 1046 601 1037 661 1039 763 1045 765 1045 807 1035 818 1034 829 1035 885 1043 887 1043 1072 1037 1074 1037 1094 1026 1094 1019 1087 954 1047 970 963 961 962 961 960 961 932 972 782 972 776 966 756 948 756 946 754 946 752 946 751 946 509 950 507 950 471 966 427 959 425 959 423 959 421 959 421 961 400 981 394 988 178 990 176 990 158 979 156 979 154 979 152 979 150 979 121 990 123 1035"/></Shape>
	    <String CONTENT="fie chose, et ainsi cela se doit entendre non seulement"
                    HPOS="121"
                    VPOS="946"
                    WIDTH="973"
                    HEIGHT="111"></String>
          </TextLine>

          
          
          <TextLine ID="r3l19"
                    TAGREFS="LT605"
                    BASELINE="124 1079 185 1073 232 1072 279 1071 326 1070 373 1069 420 1069 467 1069 514 1068 561 1068 609 1068 656 1068 703 1068 750 1068 797 1068 844 1068 891 1068 938 1068 985 1068 1032 1068 1097 1072" 
                    HPOS="121"
                    VPOS="1028"
                    WIDTH="975"
                    HEIGHT="73">
            <Shape><Polygon POINTS="123 1077 123 1088 212 1099 214 1099 216 1099 218 1099 229 1088 234 1085 245 1088 252 1092 254 1092 256 1092 258 1092 260 1092 263 1088 269 1085 274 1088 285 1097 285 1099 287 1099 289 1099 290 1101 338 1101 338 1099 340 1099 341 1099 352 1088 360 1085 367 1088 378 1097 380 1097 381 1097 383 1099 452 1099 452 1097 454 1097 472 1088 487 1081 565 1081 581 1088 601 1097 603 1097 605 1097 607 1097 636 1088 652 1083 658 1088 665 1094 665 1095 667 1095 669 1095 671 1095 705 1094 707 1094 709 1094 714 1088 725 1079 736 1088 741 1092 743 1092 745 1092 747 1092 749 1092 751 1092 751 1090 754 1088 765 1079 851 1079 863 1088 871 1094 872 1094 874 1094 876 1094 878 1094 894 1088 918 1079 934 1088 945 1094 947 1094 949 1094 951 1094 952 1094 960 1088 974 1077 1016 1077 1032 1088 1045 1094 1047 1094 1049 1094 1094 1086 1096 1070 1092 1030 858 1037 822 1034 778 1028 776 1028 741 1034 723 1037 694 1035 620 1028 618 1028 411 1039 369 1041 350 1041 249 1032 247 1032 121 1043 123 1077"/></Shape>
	    <String CONTENT="des petits enfans, mais de tout ce qu&#39;il avoit avec lui."
                    HPOS="121"
                    VPOS="1028"
                    WIDTH="975"
                    HEIGHT="73"></String>
          </TextLine>

          
          
          <TextLine ID="r3l20"
                    TAGREFS="LT605"
                    BASELINE="175 1119 222 1119 269 1120 316 1120 364 1120 411 1120 458 1119 505 1119 553 1118 600 1117 647 1116 694 1116 742 1115 789 1114 836 1113 883 1113 931 1113 978 1112 1025 1113 1072 1113 1131 1130" 
                    HPOS="174"
                    VPOS="1068"
                    WIDTH="955"
                    HEIGHT="78">
            <Shape><Polygon POINTS="791 1068 789 1068 747 1079 729 1068 727 1068 725 1068 723 1068 721 1068 689 1083 683 1085 680 1083 660 1070 658 1070 656 1070 654 1070 652 1070 651 1070 634 1081 631 1085 612 1081 576 1075 574 1075 518 1081 496 1083 494 1081 487 1075 487 1074 485 1074 483 1074 481 1074 400 1079 381 1081 378 1079 367 1070 365 1070 363 1070 361 1070 360 1070 341 1079 340 1081 340 1079 329 1070 320 1070 316 1070 307 1079 174 1079 174 1117 174 1132 194 1121 210 1132 212 1134 214 1134 216 1134 218 1135 312 1135 312 1134 314 1134 316 1134 329 1126 338 1134 338 1135 340 1135 341 1135 343 1135 354 1134 389 1128 441 1135 460 1137 461 1137 463 1137 469 1135 500 1125 511 1135 512 1135 514 1135 516 1135 518 1135 520 1135 531 1128 560 1137 561 1137 563 1137 565 1137 569 1137 629 1123 681 1134 683 1134 685 1134 687 1134 703 1123 771 1123 967 1125 983 1143 985 1143 985 1145 987 1145 989 1145 1014 1146 1016 1146 1034 1143 1098 1128 1122 1145 1129 1128 1129 1085 1085 1074 1083 1074 962 1072 960 1072 958 1072 956 1072 947 1081 934 1072 932 1072 931 1072 929 1072 927 1072 925 1072 911 1081 903 1072 902 1072 902 1070 900 1070 898 1070 896 1070 894 1070 876 1079 869 1072 869 1070 867 1070 865 1070 792 1068 791 1068"/></Shape>
	    <String CONTENT="V. XVII 8 Ces mots c&#39;est a dire tentes sont du traducteur."
                    HPOS="174"
                    VPOS="1068"
                    WIDTH="955"
                    HEIGHT="78"></String>
          </TextLine>

          
          
          <TextLine ID="r3l21"
                    TAGREFS="LT605"
                    BASELINE="179 1173 225 1174 271 1175 317 1175 363 1175 409 1175 455 1174 501 1173 547 1172 593 1171 639 1170 685 1169 731 1168 777 1167 823 1166 869 1165 915 1165 961 1165 1007 1165 1053 1165 1100 1166" 
                    HPOS="176"
                    VPOS="1119"
                    WIDTH="922"
                    HEIGHT="76">
            <Shape><Polygon POINTS="178 1172 178 1185 270 1195 272 1195 274 1195 296 1185 305 1181 330 1185 391 1195 392 1195 394 1195 396 1195 409 1185 412 1183 425 1185 467 1194 469 1194 471 1194 500 1185 518 1179 531 1185 549 1194 551 1194 552 1194 676 1192 714 1185 751 1177 807 1185 829 1186 831 1186 832 1186 842 1185 876 1175 965 1175 976 1185 983 1190 985 1190 987 1190 989 1190 991 1190 1005 1185 1023 1175 1094 1183 1098 1165 1094 1130 998 1135 980 1128 958 1119 956 1119 954 1119 952 1119 927 1128 912 1134 898 1128 876 1119 874 1119 872 1119 794 1121 792 1121 780 1126 761 1137 445 1132 443 1132 400 1141 383 1126 383 1125 381 1125 380 1125 378 1125 376 1125 374 1125 350 1134 321 1125 320 1125 318 1125 316 1125 314 1125 312 1125 292 1137 278 1126 278 1125 276 1125 274 1125 176 1125 178 1172"/></Shape>
	    <String CONTENT="V. XVIII 9 La pluspart des nouveaux traducteurs ont"
                    HPOS="176"
                    VPOS="1119"
                    WIDTH="922"
                    HEIGHT="76"></String>
          </TextLine>

          
          
          <TextLine ID="r3l22"
                    TAGREFS="LT605"
                    BASELINE="139 1217 187 1218 236 1219 285 1219 334 1219 383 1218 431 1217 480 1217 529 1216 578 1215 627 1213 675 1212 724 1211 773 1210 822 1209 871 1208 919 1208 968 1207 1017 1207 1066 1208 1115 1209" 
                    HPOS="136"
                    VPOS="1166"
                    WIDTH="978"
                    HEIGHT="71">
            <Shape><Polygon POINTS="771 1168 769 1168 767 1168 765 1168 751 1179 745 1181 741 1179 732 1170 732 1168 731 1168 729 1168 727 1168 725 1168 709 1177 694 1168 681 1168 672 1177 665 1185 618 1186 560 1186 545 1177 536 1172 536 1172 518 1172 500 1172 487 1172 481 1177 472 1185 443 1177 432 1174 431 1174 429 1174 427 1174 425 1174 425 1175 423 1175 414 1185 365 1175 354 1175 340 1175 330 1183 323 1175 321 1175 320 1175 318 1175 316 1175 314 1175 314 1177 305 1186 283 1177 281 1177 280 1177 278 1177 256 1186 238 1175 234 1174 227 1174 209 1174 190 1174 189 1172 136 1174 138 1215 138 1237 205 1226 216 1235 218 1235 220 1235 221 1235 223 1235 249 1226 260 1235 260 1237 261 1237 263 1237 265 1237 280 1237 381 1228 561 1234 620 1235 621 1235 623 1235 629 1234 656 1223 685 1234 687 1234 689 1234 691 1234 692 1234 694 1234 720 1223 1111 1228 1114 1208 1112 1179 1083 1166 1082 1166 1080 1166 1078 1166 1047 1181 1045 1181 1036 1181 978 1172 976 1172 974 1172 954 1179 929 1166 927 1166 925 1166 838 1168 836 1168 834 1168 834 1170 823 1179 820 1183 807 1179 772 1168 771 1168"/></Shape>
	    <String CONTENT="traduit le mot de Salem, qui est dans l&#39;Ebreu par Sain"
                    HPOS="136"
                    VPOS="1166"
                    WIDTH="978"
                    HEIGHT="71"></String>
          </TextLine>

          
          
          <TextLine ID="r3l23"
                    TAGREFS="LT605"
                    BASELINE="135 1255 184 1257 233 1259 282 1260 331 1261 380 1261 429 1261 478 1261 527 1260 576 1259 626 1258 675 1257 724 1257 773 1256 822 1255 871 1255 920 1254 969 1255 1018 1255 1067 1256 1117 1258" 
                    HPOS="132"
                    VPOS="1215"
                    WIDTH="984"
                    HEIGHT="66">
            <Shape><Polygon POINTS="420 1217 418 1217 416 1217 414 1217 398 1224 365 1219 352 1219 334 1219 316 1219 307 1219 240 1226 227 1226 225 1226 214 1219 207 1219 198 1219 190 1226 189 1226 170 1217 169 1217 167 1217 165 1217 134 1224 134 1254 132 1270 272 1279 274 1279 276 1279 278 1279 287 1270 294 1266 300 1270 309 1279 310 1279 312 1279 314 1281 420 1281 420 1279 516 1270 543 1268 551 1270 578 1279 580 1279 581 1279 583 1279 612 1270 625 1266 645 1270 705 1281 707 1281 709 1281 752 1270 769 1266 1112 1268 1116 1257 1114 1226 1069 1217 1067 1217 1065 1217 1063 1217 1054 1226 1051 1230 1003 1230 994 1226 972 1217 971 1217 969 1217 967 1217 965 1217 956 1226 952 1230 865 1230 860 1226 847 1217 845 1217 843 1217 842 1217 840 1217 822 1226 816 1228 789 1226 712 1217 711 1217 709 1217 707 1217 696 1226 691 1226 649 1217 647 1217 645 1217 625 1226 623 1226 612 1215 611 1215 609 1215 607 1215 605 1215 603 1215 603 1217 594 1226 592 1228 431 1228 429 1226 421 1219 421 1217 420 1217"/></Shape>
	    <String CONTENT="et Sauve, ne le prenant point pour un nom de ville:"
                    HPOS="132"
                    VPOS="1215"
                    WIDTH="984"
                    HEIGHT="66"></String>
          </TextLine>

          
          
          <TextLine ID="r3l24"
                    TAGREFS="LT605"
                    BASELINE="136 1304 198 1302 247 1303 296 1303 345 1304 394 1304 443 1304 492 1303 541 1302 590 1301 640 1300 689 1300 738 1299 787 1298 836 1298 885 1299 934 1299 983 1301 1032 1303 1081 1305 1131 1309" 
                    HPOS="132"
                    VPOS="1255"
                    WIDTH="997"
                    HEIGHT="71">
            <Shape><Polygon POINTS="771 1257 752 1257 734 1257 725 1257 707 1266 701 1268 680 1266 611 1257 607 1259 589 1259 565 1266 560 1268 558 1266 549 1259 534 1259 532 1259 525 1266 523 1268 134 1268 134 1303 132 1315 363 1323 365 1323 367 1323 369 1323 374 1319 389 1310 456 1319 491 1324 492 1324 494 1324 507 1321 534 1312 581 1321 601 1324 603 1324 605 1324 612 1321 634 1312 716 1312 727 1323 729 1323 729 1324 731 1324 732 1324 734 1324 736 1324 741 1323 767 1314 822 1324 831 1324 832 1324 842 1324 914 1314 925 1323 925 1324 927 1324 929 1324 931 1324 934 1324 1023 1314 1038 1324 1038 1326 1040 1326 1042 1326 1043 1326 1045 1326 1047 1326 1078 1315 1123 1326 1129 1308 1127 1266 943 1257 942 1257 940 1257 914 1266 902 1270 892 1266 874 1257 872 1257 782 1255 771 1257"/></Shape>
	    <String CONTENT="mais les Sept. et le Syr. sont conformés à nôtre vulgate."
                    HPOS="132"
                    VPOS="1255"
                    WIDTH="997"
                    HEIGHT="71"></String>
          </TextLine>

          
          
          <TextLine ID="r3l25"
                    TAGREFS="LT605"
                    BASELINE="184 1344 229 1345 274 1346 319 1347 364 1348 409 1348 454 1349 500 1349 545 1349 590 1349 635 1349 680 1349 725 1348 770 1348 816 1348 861 1348 906 1348 951 1348 996 1348 1041 1348 1087 1348" 
                    HPOS="181"
                    VPOS="1301"
                    WIDTH="904"
                    HEIGHT="71">
            <Shape><Polygon POINTS="1074 1304 1060 1315 1000 1303 996 1303 994 1303 991 1303 931 1315 918 1304 918 1303 916 1303 914 1303 912 1303 911 1303 909 1303 909 1304 896 1315 840 1306 838 1306 740 1315 727 1304 727 1303 725 1303 723 1303 721 1303 720 1303 580 1314 561 1301 560 1301 558 1301 556 1301 554 1301 552 1301 534 1315 456 1315 432 1304 420 1304 401 1304 383 1304 365 1304 347 1304 329 1303 310 1303 305 1303 214 1314 189 1303 183 1303 183 1343 181 1364 267 1361 278 1366 281 1370 283 1370 285 1370 287 1370 289 1370 296 1366 316 1357 354 1366 370 1370 372 1372 541 1372 541 1370 543 1370 545 1370 545 1368 549 1366 556 1357 609 1357 827 1359 836 1364 852 1372 854 1372 856 1372 858 1372 860 1372 869 1364 878 1359 1007 1359 1012 1364 1020 1370 1020 1372 1022 1372 1023 1372 1025 1372 1083 1363 1085 1346 1078 1304 1074 1304"/></Shape>
	    <String CONTENT="V. XIX. Plusieurs sçavans hommes, tant Juifs,"
                    HPOS="181"
                    VPOS="1301"
                    WIDTH="904"
                    HEIGHT="71"></String>
          </TextLine>

          
          
          <TextLine ID="r3l26"
                    TAGREFS="LT605"
                    BASELINE="148 1392 195 1393 242 1393 290 1394 337 1394 384 1395 432 1395 479 1395 526 1395 574 1396 621 1396 668 1396 716 1396 763 1396 810 1396 858 1396 905 1396 952 1396 1000 1396 1047 1396 1107 1400" 
                    HPOS="147"
                    VPOS="1348"
                    WIDTH="958"
                    HEIGHT="75">
            <Shape><Polygon POINTS="349 1348 347 1348 147 1359 147 1390 147 1414 174 1404 221 1414 234 1415 236 1415 238 1415 243 1414 263 1404 391 1414 465 1417 467 1417 469 1417 480 1412 498 1404 558 1404 571 1412 581 1419 583 1419 585 1419 587 1419 629 1412 656 1406 678 1412 701 1417 703 1417 705 1417 774 1410 807 1408 840 1410 983 1423 985 1423 987 1423 989 1423 1007 1410 1009 1410 1103 1410 1105 1399 1102 1355 982 1368 938 1355 931 1354 929 1354 872 1354 871 1354 869 1354 867 1354 867 1355 865 1355 856 1364 832 1355 823 1354 822 1354 820 1354 805 1355 769 1364 756 1357 751 1352 749 1352 747 1352 745 1352 743 1352 734 1357 720 1364 711 1357 705 1352 703 1352 701 1352 700 1352 698 1352 683 1357 663 1364 631 1357 620 1355 618 1355 616 1355 614 1355 612 1357 605 1363 600 1357 596 1355 596 1354 594 1354 592 1354 591 1354 500 1357 403 1363 387 1359 350 1348 349 1348"/></Shape>
	    <String CONTENT="que chrétiens entendent par le mot de Kesila qui est"
                    HPOS="147"
                    VPOS="1348"
                    WIDTH="958"
                    HEIGHT="75"></String>
          </TextLine>

          
          
          <TextLine ID="r3l27"
                    TAGREFS="LT605"
                    BASELINE="152 1434 198 1435 244 1436 290 1436 336 1437 382 1438 428 1438 474 1438 520 1438 566 1439 613 1439 659 1439 705 1439 751 1439 797 1439 843 1439 889 1439 935 1440 981 1440 1027 1440 1074 1441" 
                    HPOS="149"
                    VPOS="1395"
                    WIDTH="923"
                    HEIGHT="73">
            <Shape><Polygon POINTS="150 1432 149 1452 256 1446 280 1454 300 1461 301 1461 303 1461 305 1461 307 1461 307 1459 314 1454 318 1448 363 1446 374 1454 387 1464 389 1464 391 1464 392 1466 481 1466 481 1464 483 1464 485 1464 485 1463 492 1457 505 1464 507 1464 509 1464 511 1464 512 1464 514 1464 529 1454 532 1450 540 1454 572 1464 574 1464 576 1464 578 1464 580 1464 580 1463 591 1454 596 1448 616 1448 631 1452 671 1466 672 1466 674 1468 725 1468 725 1466 727 1466 761 1452 767 1450 772 1452 802 1466 803 1466 896 1468 898 1468 900 1468 902 1468 902 1466 916 1454 945 1463 947 1463 949 1463 951 1463 952 1463 952 1461 963 1452 1071 1452 1072 1439 1072 1412 1052 1401 1051 1401 1049 1401 1047 1401 952 1412 798 1401 796 1401 794 1401 774 1410 747 1401 745 1401 743 1401 683 1408 658 1399 656 1399 654 1399 587 1408 572 1397 571 1397 569 1397 567 1397 565 1397 523 1408 489 1397 487 1397 485 1397 483 1397 460 1408 332 1408 321 1397 321 1395 320 1395 318 1395 316 1395 200 1406 161 1395 160 1395 158 1395 156 1395 154 1395 154 1397 152 1397 150 1399 150 1432"/></Shape>
	    <String CONTENT="dans l&#39;Ebreu une espece de monnoye on peut concilier"
                    HPOS="149"
                    VPOS="1395"
                    WIDTH="923"
                    HEIGHT="73"></String>
          </TextLine>

          
          
          <TextLine ID="r3l28"
                    TAGREFS="LT605"
                    BASELINE="155 1476 202 1480 249 1482 296 1483 343 1484 390 1485 437 1485 485 1485 532 1485 579 1485 626 1484 673 1484 720 1483 767 1483 815 1483 862 1483 909 1483 956 1484 1003 1485 1050 1487 1098 1490" 
                    HPOS="152"
                    VPOS="1434"
                    WIDTH="944"
                    HEIGHT="81">
            <Shape><Polygon POINTS="645 1439 627 1439 614 1439 612 1439 611 1439 609 1439 601 1446 592 1454 561 1446 541 1443 540 1443 538 1443 527 1446 514 1452 392 1452 389 1448 376 1437 372 1437 354 1437 336 1437 318 1437 316 1437 314 1437 300 1448 287 1437 281 1437 263 1437 245 1437 227 1435 209 1435 190 1434 174 1434 172 1434 170 1434 169 1434 154 1443 154 1475 152 1490 205 1503 207 1503 209 1503 232 1492 238 1490 254 1493 320 1504 321 1504 381 1495 394 1493 401 1495 431 1506 432 1506 434 1506 436 1506 438 1506 452 1497 458 1493 472 1497 496 1503 498 1503 500 1503 527 1497 560 1492 607 1492 616 1499 627 1508 629 1508 631 1508 632 1508 634 1508 651 1501 665 1493 689 1501 694 1503 696 1503 698 1503 740 1503 898 1497 907 1504 912 1510 912 1512 914 1512 916 1512 918 1512 920 1512 932 1506 945 1499 951 1506 958 1512 958 1513 960 1513 962 1513 963 1515 1038 1515 1038 1513 1040 1513 1042 1513 1042 1512 1047 1508 1056 1499 1091 1508 1096 1488 1092 1444 1043 1459 1025 1444 1023 1444 1022 1444 1020 1444 1018 1444 978 1459 963 1446 963 1444 962 1444 960 1444 958 1444 956 1444 954 1444 942 1455 931 1444 929 1444 929 1443 927 1443 925 1443 923 1443 911 1444 852 1457 807 1444 789 1441 787 1441 743 1441 741 1441 740 1441 738 1441 732 1446 720 1455 680 1446 647 1439 645 1439"/></Shape>
	    <String CONTENT="nôtre vulg. avec cette interpretation en disant qu&#39;il"
                    HPOS="152"
                    VPOS="1434"
                    WIDTH="944"
                    HEIGHT="81"></String>
          </TextLine>

          
          
          <TextLine ID="r3l29"
                    TAGREFS="LT605"
                    BASELINE="150 1523 187 1524 224 1525 261 1526 298 1526 335 1526 372 1527 409 1527 446 1527 483 1527 520 1527 557 1526 594 1526 631 1525 668 1525 705 1525 742 1524 779 1523 816 1523 853 1523 891 1522" 
                    HPOS="147"
                    VPOS="1488"
                    WIDTH="742"
                    HEIGHT="60">
            <Shape><Polygon POINTS="149 1521 154 1544 161 1535 198 1543 200 1543 269 1533 332 1543 361 1546 363 1548 447 1548 447 1546 449 1546 451 1546 456 1541 463 1537 483 1541 520 1546 521 1546 523 1546 549 1541 572 1533 596 1539 621 1546 623 1546 625 1546 663 1539 689 1533 745 1537 854 1546 856 1546 858 1546 889 1535 889 1521 887 1490 147 1488 149 1521"/></Shape>
	    <String CONTENT="y avoit un agneau sur cette monnoye."
                    HPOS="147"
                    VPOS="1488"
                    WIDTH="742"
                    HEIGHT="60"></String>
          </TextLine>

          
          
          <TextLine ID="r3l30"
                    TAGREFS="LT605"
                    BASELINE="188 1574 233 1573 278 1573 323 1572 368 1572 413 1572 458 1571 503 1571 548 1571 593 1570 639 1570 684 1570 729 1569 774 1569 819 1569 864 1568 909 1568 954 1568 999 1568 1044 1568 1090 1567" 
                    HPOS="185"
                    VPOS="1523"
                    WIDTH="904"
                    HEIGHT="70">
            <Shape><Polygon POINTS="641 1526 640 1526 638 1526 636 1526 636 1528 625 1535 609 1528 605 1526 603 1526 601 1526 600 1526 598 1526 596 1528 581 1537 565 1528 563 1526 561 1526 560 1526 549 1526 531 1526 512 1528 494 1528 476 1528 463 1528 438 1537 429 1528 427 1528 421 1528 418 1528 416 1528 403 1539 350 1528 343 1528 341 1528 330 1528 240 1539 185 1530 187 1573 187 1593 409 1583 440 1590 461 1593 463 1593 465 1593 481 1588 500 1583 516 1588 534 1593 536 1593 538 1593 581 1586 605 1583 623 1586 654 1592 656 1592 658 1592 680 1584 692 1581 731 1583 831 1592 832 1592 834 1592 874 1581 883 1579 898 1581 983 1590 985 1590 1087 1575 1089 1566 1083 1526 1062 1533 1052 1526 1051 1524 1051 1523 1049 1523 1047 1523 1011 1523 1009 1523 1007 1523 992 1526 963 1533 925 1526 903 1523 902 1523 865 1526 794 1535 783 1526 782 1524 780 1524 778 1524 776 1524 747 1526 669 1535 647 1528 643 1526 641 1526"/></Shape>
	    <String CONTENT="V. XX 11Ebr. Il l&#39;appella, ensorte qu’il ne seroit"
                    HPOS="185"
                    VPOS="1523"
                    WIDTH="904"
                    HEIGHT="70"></String>
          </TextLine>

          
          
          <TextLine ID="r3l31"
                    TAGREFS="LT605"
                    BASELINE="145 1622 193 1623 241 1623 289 1623 337 1622 385 1622 433 1621 481 1620 529 1618 577 1617 626 1616 674 1615 722 1614 770 1613 818 1613 866 1613 914 1613 962 1613 1010 1614 1058 1616 1117 1619" 
                    HPOS="141"
                    VPOS="1575"
                    WIDTH="975"
                    HEIGHT="69">
            <Shape><Polygon POINTS="143 1621 143 1644 1116 1633 1116 1617 1112 1575 1040 1586 1011 1575 1009 1575 1007 1575 1005 1575 1003 1575 1002 1575 969 1584 958 1575 956 1575 954 1575 825 1575 823 1575 822 1575 814 1577 780 1586 736 1577 718 1575 716 1575 714 1575 712 1575 709 1579 696 1588 643 1579 631 1577 629 1577 627 1577 625 1577 623 1579 612 1590 549 1590 540 1579 538 1579 538 1577 536 1577 534 1577 532 1577 531 1577 529 1577 525 1581 511 1588 141 1584 143 1621"/></Shape>
	    <String CONTENT="point parlé d’invocation, mais du nom de cet autel."
                    HPOS="141"
                    VPOS="1575"
                    WIDTH="975"
                    HEIGHT="69"></String>
          </TextLine>

          
        </TextBlock>
        
        <TextBlock HPOS="56"
                   VPOS="1722"
                   WIDTH="1053"
                   HEIGHT="377"
                   ID="eSc_textblock_18021670"
                   TAGREFS="BT1575">
          <Shape><Polygon POINTS="56 1722 56 2099 1109 2099 1109 1722"/></Shape>
          
          
          <TextLine ID="r3l32"
                    TAGREFS="LT605"
                    BASELINE="415 1779 454 1777 480 1777 506 1777 531 1777 557 1777 583 1777 608 1777 634 1777 660 1777 685 1777 711 1778 737 1778 762 1778 788 1778 814 1779 839 1779 865 1779 891 1779" 
                    HPOS="412"
                    VPOS="1697"
                    WIDTH="477"
                    HEIGHT="111">
            <Shape><Polygon POINTS="414 1777 414 1804 494 1808 496 1808 498 1808 500 1808 503 1804 511 1799 540 1804 558 1808 560 1808 561 1808 563 1808 563 1806 565 1804 576 1795 645 1795 660 1804 663 1808 665 1808 667 1808 669 1808 887 1802 889 1777 882 1706 867 1719 805 1719 778 1708 743 1697 741 1697 740 1697 669 1706 647 1697 645 1697 643 1697 641 1697 611 1713 603 1719 571 1719 567 1715 527 1697 525 1697 447 1697 445 1697 443 1697 441 1697 412 1715 414 1777"/></Shape>
	    <String CONTENT="Chapitre XXXIV."
                    HPOS="412"
                    VPOS="1697"
                    WIDTH="477"
                    HEIGHT="111"></String>
          </TextLine>

          
          
          <TextLine ID="r3l33"
                    TAGREFS="LT605"
                    BASELINE="80 1855 229 1853 273 1854 318 1854 362 1854 406 1854 451 1853 495 1853 539 1852 584 1850 628 1849 672 1848 717 1847 761 1846 805 1845 850 1844 894 1844 938 1844 983 1844 1027 1845 1072 1846" 
                    HPOS="76"
                    VPOS="1784"
                    WIDTH="995"
                    HEIGHT="91">
            <Shape><Polygon POINTS="78 1853 78 1866 367 1875 369 1875 370 1875 372 1875 383 1866 454 1873 456 1873 458 1873 460 1873 460 1872 471 1862 487 1872 489 1872 491 1872 492 1872 494 1872 540 1861 541 1861 623 1873 625 1873 711 1861 791 1872 792 1872 794 1872 836 1855 840 1855 845 1855 902 1866 903 1866 971 1857 994 1868 996 1868 998 1868 1069 1852 1071 1844 1069 1802 1023 1786 1022 1786 1020 1786 1018 1786 1016 1786 994 1804 992 1808 900 1808 898 1806 876 1790 874 1790 872 1790 871 1790 869 1790 803 1808 791 1810 780 1808 691 1786 689 1786 687 1786 649 1804 609 1788 607 1788 605 1788 603 1788 601 1788 574 1810 572 1812 567 1810 527 1799 525 1799 523 1799 521 1799 483 1812 481 1812 463 1797 461 1797 460 1797 458 1797 456 1797 454 1797 441 1806 372 1799 370 1799 369 1799 341 1808 314 1784 312 1784 310 1784 254 1784 252 1784 185 1786 183 1786 181 1786 143 1815 141 1817 76 1817 78 1853"/></Shape>
	    <String CONTENT="1 Dina fille de Lia sortit pour voir les"
                    HPOS="76"
                    VPOS="1784"
                    WIDTH="995"
                    HEIGHT="91"></String>
          </TextLine>

          
          
          <TextLine ID="r3l34"
                    TAGREFS="LT605"
                    BASELINE="81 1913 250 1906 293 1907 337 1907 380 1906 423 1906 467 1905 510 1905 553 1904 597 1903 640 1902 683 1901 727 1900 770 1899 813 1899 857 1898 900 1898 943 1898 987 1899 1030 1899 1074 1901" 
                    HPOS="78"
                    VPOS="1850"
                    WIDTH="994"
                    HEIGHT="82">
            <Shape><Polygon POINTS="80 1912 80 1926 170 1919 180 1926 183 1930 183 1932 185 1932 187 1932 189 1932 190 1932 209 1926 227 1921 249 1924 272 1930 274 1930 316 1924 361 1917 401 1922 441 1926 443 1926 492 1919 563 1910 580 1917 583 1919 585 1919 587 1921 798 1921 798 1919 829 1912 865 1904 898 1912 923 1915 925 1915 1072 1906 1072 1899 1071 1861 911 1850 909 1850 907 1850 905 1850 887 1861 885 1862 878 1861 812 1850 811 1850 809 1850 807 1850 787 1862 780 1866 765 1862 718 1852 716 1852 663 1864 634 1872 545 1872 538 1864 534 1862 534 1861 532 1861 531 1861 529 1861 527 1861 509 1864 474 1873 434 1866 398 1859 396 1859 358 1866 305 1877 261 1868 238 1862 236 1862 210 1868 154 1881 78 1870 80 1912"/></Shape>
	    <String CONTENT="2 femmes de pais. + Sichem fils de Hemor"
                    HPOS="78"
                    VPOS="1850"
                    WIDTH="994"
                    HEIGHT="82"></String>
          </TextLine>

          
          
          <TextLine ID="r3l35"
                    TAGREFS="LT605"
                    BASELINE="213 1958 256 1958 300 1958 343 1958 387 1957 430 1957 474 1956 517 1955 561 1954 604 1954 648 1953 691 1952 735 1951 778 1951 822 1950 865 1950 909 1950 952 1950 996 1950 1039 1950 1092 1965" 
                    HPOS="210"
                    VPOS="1904"
                    WIDTH="881"
                    HEIGHT="75">
            <Shape><Polygon POINTS="485 1906 467 1906 463 1906 418 1915 392 1906 376 1906 365 1906 356 1913 254 1906 249 1906 230 1906 223 1906 212 1912 212 1957 210 1968 403 1971 405 1971 412 1971 461 1962 534 1971 549 1973 551 1973 560 1971 631 1959 641 1968 643 1968 645 1968 647 1968 689 1961 701 1971 701 1973 703 1973 705 1973 707 1973 709 1973 800 1961 811 1970 811 1971 812 1971 814 1971 816 1971 871 1964 883 1975 883 1977 885 1977 887 1977 889 1977 891 1977 894 1975 929 1964 1049 1964 1063 1977 1063 1979 1065 1979 1067 1979 1069 1979 1089 1977 1091 1964 1091 1922 1014 1910 1012 1910 1011 1910 978 1922 976 1922 972 1922 929 1913 927 1913 925 1913 911 1921 898 1910 898 1908 896 1908 894 1908 854 1908 852 1908 851 1908 849 1908 849 1910 836 1921 814 1906 812 1906 811 1906 809 1906 807 1906 776 1919 745 1906 743 1906 671 1904 669 1904 667 1904 665 1904 645 1917 500 1917 489 1906 485 1906"/></Shape>
	    <String CONTENT="le Hevéen Prince de ce lieu là l&#39;ayant vüe"
                    HPOS="210"
                    VPOS="1904"
                    WIDTH="881"
                    HEIGHT="75"></String>
          </TextLine>

          
          
          <TextLine ID="r3l36"
                    TAGREFS="LT605"
                    BASELINE="219 2007 262 2006 305 2006 348 2005 391 2004 434 2004 477 2003 520 2002 563 2002 606 2001 650 2000 693 2000 736 1999 779 1999 822 1999 865 1998 908 1998 951 1998 994 1998 1037 1999 1081 1999" 
                    HPOS="216"
                    VPOS="1951"
                    WIDTH="864"
                    HEIGHT="75">
            <Shape><Polygon POINTS="1052 1953 1045 1951 976 1962 936 1951 934 1951 932 1951 931 1951 929 1951 912 1962 911 1964 907 1962 876 1953 874 1953 872 1953 871 1953 836 1962 829 1964 796 1962 680 1955 678 1955 676 1955 674 1955 674 1957 669 1962 663 1966 607 1962 545 1957 543 1957 541 1957 532 1961 518 1970 432 1970 414 1961 405 1957 403 1957 401 1957 400 1957 389 1961 361 1970 216 1961 218 2006 218 2026 381 2026 381 2024 383 2024 387 2022 407 2013 423 2022 425 2022 427 2022 429 2022 598 2021 600 2021 601 2021 601 2019 614 2011 685 2019 718 2021 720 2021 721 2021 729 2017 745 2010 822 2010 829 2017 831 2017 831 2019 832 2019 834 2019 836 2019 1080 2011 1080 1997 1078 1962 1065 1957 1052 1953"/></Shape>
	    <String CONTENT="en devant amoureux, et aprés l&#39;avoir enle¬"
                    HPOS="216"
                    VPOS="1951"
                    WIDTH="864"
                    HEIGHT="75"></String>
          </TextLine>

          
          
          <TextLine ID="r3l37"
                    TAGREFS="LT605"
                    BASELINE="83 2059 259 2053 302 2054 345 2054 388 2054 431 2054 474 2053 516 2052 559 2051 602 2049 645 2048 688 2047 731 2046 774 2045 816 2044 859 2043 902 2043 945 2043 988 2044 1031 2045 1074 2047" 
                    HPOS="80"
                    VPOS="2001"
                    WIDTH="992"
                    HEIGHT="89">
            <Shape><Polygon POINTS="81 2057 81 2075 209 2073 214 2075 238 2090 240 2090 241 2090 243 2090 245 2090 270 2077 294 2088 296 2088 298 2090 383 2090 383 2088 385 2088 387 2088 403 2075 416 2082 418 2082 420 2082 460 2073 481 2068 496 2073 525 2084 527 2084 529 2084 596 2071 632 2066 689 2066 700 2071 718 2081 720 2081 721 2082 765 2082 765 2081 767 2081 769 2081 769 2079 778 2071 787 2062 809 2071 832 2079 834 2079 836 2079 1071 2068 1072 2046 1071 2008 951 2001 949 2001 947 2001 945 2001 945 2002 938 2008 931 2015 876 2015 831 2008 787 2002 785 2002 783 2002 769 2010 754 2017 747 2010 743 2006 743 2004 741 2004 740 2004 681 2004 680 2004 678 2004 667 2010 649 2021 569 2021 554 2011 551 2008 549 2008 547 2008 545 2008 529 2011 480 2022 454 2011 449 2010 447 2010 445 2010 443 2010 436 2011 407 2022 389 2011 383 2010 381 2010 380 2010 378 2010 370 2011 350 2021 214 2017 212 2017 210 2017 174 2028 80 2015 81 2057"/></Shape>
	    <String CONTENT="vée, il usa de violence et la força. + Il eut"
                    HPOS="80"
                    VPOS="2001"
                    WIDTH="992"
                    HEIGHT="89"></String>
          </TextLine>

          
        </TextBlock>
        

        
      </PrintSpace>
    </Page>
  </Layout>
</alto>
