1168 2203
159 56 961 100 coucha de plus de son frere Abel, qui fut pasteur

45 111 1067 78 3 de brebis, et Cain fut laboureur. + Il arriva

159 152 953 103 quelque tems aprss, que Cain presenta au Seig¬

36 211 1093 82 4 neur une offrande des fruits de la terre. + Abel

165 253 905 95 offrit aussi des premiers nés de son troupeau,

167 308 925 83 et de ce qu’il avoit de plus gras. Le Seigneur

40 359 1072 81 5 3 regarda Abel et son offrande. + Mais il ne

172 409 911 86 regarda point Cain, ni son offrande ce qui

170 462 920 74 mit Cain si fort en colere, que son visage en

45 514 1075 82 6 devint abbatu. + Le Seigneur lui dit : pour¬

163 569 964 84 quoy étes vous en colere, et pourquoy avés vous

45 620 1075 77 7 le visage abbatu? + Si vous faites bien, 4 n’en

172 671 913 87 recevrés vous pas la recompense? mais si vous

159 728 930 79 faites mal, la punition de votre peché ne vous

163 776 920 83 suivra-t-elle pas aussitôt de prés? Mais 6 sa

165 824 938 92 volonte vous sera soumise, et vous serés maî¬

47 881 1025 79 8 tre de lui. + Cain dit à Abel son frere:

168 941 891 68 7 Sortons dehors; et comme ils étoient dans les

42 982 1050 88 9 champs, Cain se jetta sur lui, et le tüa. + Le

150 1072 698 84 V. IV 3 c. accepta l’offrande d’Abel.

150 1127 928 64 V. VII 4 Tout ce verset est obscur dans l’Ebreu,

119 1171 949 71 sur tout à cause de l’equivoque du verbe Ebreu,

128 1224 962 62 que St Jerôme a traduit par recipies, et qui peut

132 1270 957 62 être traduit de plusieurs autres manieres, qu’il se¬

128 1312 959 64 roit trop long de rapporter ici. Il suffit, que la

132 1365 962 68 vulgate fasse un bon sens, et qui même est fort

128 1409 92 57 net.

224 1417 861 92 5 Il y a à la lettre : le peché sera aussitost à la

119 1490 949 70 porte: par le peché on entend souvent dans

128 1531 676 66 l’Ecriture la peine duë au peché.

224 1565 844 100 6 C’est ainsi, que S. Chrysostome a expliqué

124 1621 944 91 cet endroit, qui est obscur, comme si Dieu avoit

130 1666 960 98 dit à Cain, que bien qu’il n’eut pas regardé favo¬

126 1720 928 79 rablement son sacrifice, il ne lui ostoit point

113 1760 953 92 son droit d’ainesse, et que la volonté de son frere

123 1811 955 90 Abel lui seroit toûjours soumise. Cette explication

119 1859 861 85 s’accorde parfaitement avec le texte Ebreu.

165 1900 887 88 V. VIII 7 Ces mots: Sortons dehors, ne sont point

124 1955 961 73 dans le texte Ebreu des Juifs, comme l’a aussi remar¬

119 1993 942 74 qué S. Jerôme, qui les avoit neanmoins lûs dans

119 2032 933 68 le texte Ebreu des Samaritains, où ils sont encore

119 2068 933 112 presentement aussi bien que dans les Sept. et dans la

119 2133 340 58 version syriaque.
