1176 2154
168 25 932 53 Seigneur dit à Cain: où est Abel vôtre frere?

174 61 937 64 Il répondit: Je ne sçai: est-ce que je suis

32 95 1097 97 10 gardien de mon frere? + Et le Seigneur

34 202 1071 78 11 de la terre le sang de vôtre frere. + Vous

175 150 954 79 lui dit: qu’avés vous fait? 7 J’entends crier

172 256 951 76 serés dont maintenant maudit sur la terre,

181 308 946 76 qui s’est ouverte pour recevoir de vôtre main

25 357 1077 84 12 le sang de vôtre frere, + quand vous la

179 409 932 81 cultiverés, elle ne vous rendra pas ce qu’elle

174 461 944 84 doit produire: vous serés vagabond et fugitif

39 516 1095 90 13 sur la terre. + Cain repondit au Seigneur:

181 577 914 69 8 mon iniquité est trop grande pour m’estre

35 624 1074 77 14 pardonnée. + Voici que vous me chassés

181 678 946 74 aujourdhui 9 de cette terre, et je me cacherai

184 728 941 74 de devant vous: je serai vagabond et fugi¬

195 786 912 73 tif sur la terre: Quiconque donc me trouve¬

25 836 1070 72 15 ra, me tuera. + Le Seigneur lui dit: 10 cela

181 892 908 75 n’arrivera pas de la sorte; mais quiconque

184 947 909 79 tuera Cain, sera puni 11 sept fois; et le Seig¬

186 1001 923 77 neur fit 12 une marque à Cain, afin que ceux,

181 1050 878 84 qui le rencontreroient ne le tuassent point.

34 1105 1050 77 16 + Cain s’etant retiré de devant le Seigneur

179 1163 905 70 13 et étant vagabond sur la terre, il habita

157 1251 945 89 V. X 7 Il y a la lettre: La voix du sang de vôtre

109 1313 991 70 frere crie à moi de la terre, c. la mort de vôtre

125 1367 501 60 frere demande vengeance.

161 1396 944 83 V. XIII 8 On peut aussi traduire sur l’Ebreu: la peine,

131 1448 955 83 qui m’est imposée, est trop grande pour la pouvoir

109 1500 127 74 porter.

166 1527 932 77 V. XIV 9 c. du pais, où il étoit. Il y a à la lettre de la

127 1583 93 57 terre.

179 1613 912 77 V. XV 10 Il y a dans l’Ebreu: c’est pourquoi qui¬

125 1669 952 91 conque etc. mais les Sept. que S. Jerôme a suivis,

131 1719 594 63 ont lû d’une autre maniere.

238 1762 297 72 11 c. grievement.

226 1812 844 79 12 C’est deviner, que de vouloir dire, qu’elle

138 1868 944 79 etoit cette marque ou signe, cette expression signi¬

138 1911 950 74 fie seulement, que Cain avoit quelque marque exte¬

136 1958 583 55 rieure, qui le faisoit reconnoître.

179 1985 889 68 V. XVI 13 On peut aussi traduire sur l’Ebreu avec

136 2019 912 91 les Sept. Habita la terre de Noud, comme si Noud
