1167 2162
59 45 1073 81 17 à l’Orient d’Eden. + 14 Il approcha de sa femme

185 93 936 88 laquelle conçût et enfanta Enoch ; puis il bastit

183 151 928 76 une ville qu’il appella Enoch du nom de son

50 198 1048 77 18 fils. + Or Enoch fut pere d’Irad : Irad

176 254 929 70 fut pere de Maviael : Maviael de Mathusael,

50 308 1053 73 19 et Methusael de Lamech. + Celui-ci épousa

182 360 947 76 deux femmes, l’une se nommoit Ada, et l’autre

55 410 1057 74 20 Sella. + Ada accoucha de Tabel, qui fût

180 463 929 81 15 l’auteur de ceux, qui logent dans les tentes,

59 515 1059 81 21 et des pasteurs. + Son frere, qui se nommoit

183 558 920 88 Tubal, fut l’origine de ceux, qui joüent 16 de la

54 616 1062 81 22 guitarre, et de l’orgue. + Sella accoucha aussi

183 661 953 95 de Tubalcain, qui menia le marteau, et travailla

185 713 920 85 en toute sorte d’ouvrage d’airain et de fer.

55 769 1034 74 23 Noëma fut sœur de Tubalcain. + Lamech

178 816 915 84 dit à Ada, et à Sella ses femmes : écoutés ma

187 868 916 85 voix, femmes de Lamech, soyés attentives à mon

187 922 900 70 discours ; j’ai tüé un homme pour m’avoir

183 969 924 83 blessé17, et un jeune homme pour m’avoir meurtri:

46 1025 1057 75 24 + Cain sera vengé sept fois, et Lamech

129 1124 960 77 que S. Jerome a traduit par profugus étoit un nom

124 1174 970 65 propre de lieu. Aaron Juif Caraite conjecture, qu’il

131 1216 969 68 y a ici une transposition de mot dans l’Ebreu, com¬

133 1261 965 66 me s’il falloit lire ainsi : et Cain se retira de de¬

137 1306 956 77 vant le Seigneur vers l’Orient d’Eden, et il demeura

133 1354 415 67 dans la terre de Noud.

176 1376 889 83 V. XVII 14 Lettr. Il connut. Ce mot de connoître

133 1435 951 54 se trouve aussi en ce sens là dans les anciens auteurs

137 1470 959 68 grecs et latins. Moyse se sert quelque fois du mot

140 1515 541 68 d’approcher en ce même sens.

164 1544 914 84 V.XX 15 Lett. pere: c. le premier qui logea dans

138 1598 933 73 des tentes, et qui apprit aux pasteurs à se loger

142 1637 952 83 de la meme maniere. Il est certain, qu’il y avoit

133 1697 427 59 des pasteurs avant lui.

174 1716 924 71 V.XXI 16 c. d’un instrument semblable à nos guitarres,

120 1758 958 77 sur lequel on chantoit en même tems. On ne sçait pas

128 1808 934 69 certainement, quel étoit cet instrument, quelques

131 1857 437 74 uns traduisent harpe.

171 1882 898 92 V XXIII 17 Autr. du coup, que je lui ai donné: et

133 1931 934 81 ensuite de la meurtrissure, que je lui ai faite. Cet

137 1971 934 77 endroit est fort obscur dans l’Ebreu, ce qui fait que

137 2014 945 65 les commentateurs tant Juifs que Chrétiens sont

138 2057 960 65 fort partagés. Onkelos a traduit dans sa paraphr.
